@Manual{R-base,
  title = {R: A Language and Environment for Statistical Computing},
  author = {{R Core Team}},
  organization = {R Foundation for Statistical Computing},
  address = {Vienna, Austria},
  year = {2021},
  url = {https://www.R-project.org/},
}
@Manual{R-papaja,
  title = {{papaja}: {Prepare} reproducible {APA} journal articles with {R Markdown}},
  author = {Frederik Aust and Marius Barth},
  year = {2022},
  note = {R package version 0.1.1},
  url = {https://github.com/crsh/papaja},
}
@Manual{R-tinylabels,
  title = {{tinylabels}: Lightweight Variable Labels},
  author = {Marius Barth},
  year = {2022},
  note = {R package version 0.2.3},
  url = {https://cran.r-project.org/package=tinylabels},
}
@Article{R-jsscdm,
  title = {The {R} Package {CDM} for Cognitive Diagnosis Models},
  author = {Ann Cathrice George and Alexander Robitzsch and Thomas Kiefer and J{\"u}rgen Gro{\ss} and Ali {\"U}nl{\"u}},
  journal = {Journal of Statistical Software},
  year = {2016},
  volume = {74},
  number = {2},
  pages = {1--24},
  doi = {10.18637/jss.v074.i02},
}
@Article{R-difR,
  title = {A general framework and an R package for the detection of dichotomous differential item functioning},
  author = {D. Magis and S. Beland and F. Tuerlinckx and P. {De Boeck}},
  journal = {Behavior Research Methods},
  year = {2010},
  volume = {42},
  pages = {847--862},
}
@Article{R-eRm_a,
  title = {{Extended Rasch modeling: The eRm package for the application of IRT models in R}},
  author = {Patrick Mair and Reinhold Hatzinger},
  year = {2007},
  page = {1--20},
  journal = {{Journal of Statistical Software}},
  volume = {20},
  issue = {9},
  url = {https://www.jstatsoft.org/v20/i09},
}
@Article{R-eRm_b,
  title = {{CML based estimation of extended Rasch models with the eRm package in R}},
  author = {Patrick Mair and Reinhold Hatzinger},
  year = {2007},
  page = {26--43},
  journal = {{Psychology Science}},
  volume = {49},
  issue = {1},
}
@Article{R-eRm_c,
  title = {{IRT models with relaxed assumptions in eRm: A manual-like instruction}},
  author = {Reinhold Hatzinger and Thomas Rusch},
  year = {2009},
  page = {87--120},
  journal = {{Psychology Science Quarterly}},
  volume = {51},
  issue = {1},
}
@Article{R-eRm_d,
  title = {{An Empirical Power Analysis of Quasi-Exact Tests for the Rasch Model: Measurement Invariance in Small Samples}},
  author = {Ingrid Koller and Marco Johannes Maier and Reinhold Hatzinger},
  year = {2015},
  volume = {11},
  issue = {2},
  page = {45--54},
  journal = {{Methodology}},
  doi = {10.1027/1614-2241/a000090},
}
@Article{R-eRm_e,
  title = {{Testing the Local Independence Assumption of the Rasch Model With Q3-Based Nonparametric Model Tests}},
  author = {Rudolf Debelak and Ingrid Koller},
  year = {2019},
  journal = {{Applied Psychological Measurement}},
  doi = {10.1177/0146621619835501},
}
@Article{R-Formula,
  title = {Extended Model Formulas in {R}: Multiple Parts and Multiple Responses},
  author = {Achim Zeileis and Yves Croissant},
  journal = {Journal of Statistical Software},
  year = {2010},
  volume = {34},
  number = {1},
  pages = {1--13},
  doi = {10.18637/jss.v034.i01},
}
@Book{R-ggplot2,
  author = {Hadley Wickham},
  title = {ggplot2: Elegant Graphics for Data Analysis},
  publisher = {Springer-Verlag New York},
  year = {2016},
  isbn = {978-3-319-24277-4},
  url = {https://ggplot2.tidyverse.org},
}
@Manual{R-Hmisc,
  title = {Hmisc: Harrell Miscellaneous},
  author = {Frank E {Harrell Jr}},
  year = {2021},
  note = {R package version 4.6-0},
  url = {https://CRAN.R-project.org/package=Hmisc},
}
@Book{R-lattice,
  title = {Lattice: Multivariate Data Visualization with R},
  author = {Deepayan Sarkar},
  publisher = {Springer},
  address = {New York},
  year = {2008},
  note = {ISBN 978-0-387-75968-5},
  url = {http://lmdvr.r-forge.r-project.org},
}
@Article{R-lavaan,
  title = {{lavaan}: An {R} Package for Structural Equation Modeling},
  author = {Yves Rosseel},
  journal = {Journal of Statistical Software},
  year = {2012},
  volume = {48},
  number = {2},
  pages = {1--36},
  url = {https://www.jstatsoft.org/v48/i02/},
}
@Article{R-lme4,
  title = {Fitting Linear Mixed-Effects Models Using {lme4}},
  author = {Douglas Bates and Martin M{\"a}chler and Ben Bolker and Steve Walker},
  journal = {Journal of Statistical Software},
  year = {2015},
  volume = {67},
  number = {1},
  pages = {1--48},
  doi = {10.18637/jss.v067.i01},
}
@Article{R-ltm,
  title = {ltm: An R package for Latent Variable Modelling and Item Response Theory Analyses},
  author = {Dimitris Rizopoulos},
  journal = {Journal of Statistical Software},
  year = {2006},
  volume = {17},
  number = {5},
  pages = {1--25},
  url = {https://doi.org/10.18637/jss.v017.i05},
}
@Book{R-MASS,
  title = {Modern Applied Statistics with S},
  author = {W. N. Venables and B. D. Ripley},
  publisher = {Springer},
  edition = {Fourth},
  address = {New York},
  year = {2002},
  note = {ISBN 0-387-95457-0},
  url = {https://www.stats.ox.ac.uk/pub/MASS4/},
}
@Manual{R-Matrix,
  title = {Matrix: Sparse and Dense Matrix Classes and Methods},
  author = {Douglas Bates and Martin Maechler},
  year = {2021},
  note = {R package version 1.3-4},
  url = {https://CRAN.R-project.org/package=Matrix},
}
@Article{R-mirt,
  title = {{mirt}: A Multidimensional Item Response Theory Package for the {R} Environment},
  author = {R. Philip Chalmers},
  journal = {Journal of Statistical Software},
  year = {2012},
  volume = {48},
  number = {6},
  pages = {1--29},
  doi = {10.18637/jss.v048.i06},
}
@Article{R-msm,
  title = {Multi-State Models for Panel Data: The {msm} Package for {R}},
  author = {Christopher H. Jackson},
  journal = {Journal of Statistical Software},
  year = {2011},
  volume = {38},
  number = {8},
  pages = {1--29},
  url = {https://www.jstatsoft.org/v38/i08/},
}
@Book{R-mvtnorm,
  title = {Computation of Multivariate Normal and t Probabilities},
  author = {Alan Genz and Frank Bretz},
  series = {Lecture Notes in Statistics},
  year = {2009},
  publisher = {Springer-Verlag},
  address = {Heidelberg},
  isbn = {978-3-642-01688-2},
}
@Manual{R-pheatmap,
  title = {pheatmap: Pretty Heatmaps},
  author = {Raivo Kolde},
  year = {2019},
  note = {R package version 1.0.12},
  url = {https://CRAN.R-project.org/package=pheatmap},
}
@Manual{R-polycor,
  title = {polycor: Polychoric and Polyserial Correlations},
  author = {John Fox},
  year = {2022},
  note = {R package version 0.8-1},
  url = {https://CRAN.R-project.org/package=polycor},
}
@Manual{R-psych,
  title = {psych: Procedures for Psychological, Psychometric, and Personality Research},
  author = {William Revelle},
  organization = { Northwestern University},
  address = { Evanston, Illinois},
  year = {2021},
  note = {R package version 2.1.9},
  url = {https://CRAN.R-project.org/package=psych},
}
@Manual{R-readxl,
  title = {readxl: Read Excel Files},
  author = {Hadley Wickham and Jennifer Bryan},
  year = {2022},
  note = {R package version 1.4.0},
  url = {https://CRAN.R-project.org/package=readxl},
}
@Manual{R-semTools,
  title = {\texttt{semTools}: {U}seful tools for structural equation modeling},
  author = {Terrence D. Jorgensen and Sunthud Pornprasertmanit and Alexander M. Schoemann and Yves Rosseel},
  year = {2021},
  note = {R package version 0.5-5},
  url = {https://CRAN.R-project.org/package=semTools},
}
@Manual{R-sirt_3.11-21,
  title = {sirt: Supplementary Item Response Theory Models},
  author = {Alexander Robitzsch},
  year = {2021},
  note = {R package version 3.11-21},
  url = {https://CRAN.R-project.org/package=sirt},
}
@Book{R-survival-book,
  title = {Modeling Survival Data: Extending the {C}ox Model},
  author = {{Terry M. Therneau} and {Patricia M. Grambsch}},
  year = {2000},
  publisher = {Springer},
  address = {New York},
  isbn = {0-387-98784-3},
}
@Manual{R-TAM_4.0-16,
  title = {TAM: Test Analysis Modules},
  author = {Alexander Robitzsch and Thomas Kiefer and Margaret Wu},
  year = {2022},
  note = {R package version 4.0-16},
  url = {https://CRAN.R-project.org/package=TAM},
}
@Article{R-jsscdm,
  title = {The {R} Package {CDM} for Cognitive Diagnosis Models},
  author = {Ann Cathrice George and Alexander Robitzsch and Thomas Kiefer and J{\"u}rgen Gro{\ss} and Ali {\"U}nl{\"u}},
  journal = {Journal of Statistical Software},
  year = {2016},
  volume = {74},
  number = {2},
  pages = {1--24},
  doi = {10.18637/jss.v074.i02},
}
@Article{R-jsscdm,
  title = {The {R} Package {CDM} for Cognitive Diagnosis Models},
  author = {Ann Cathrice George and Alexander Robitzsch and Thomas Kiefer and J{\"u}rgen Gro{\ss} and Ali {\"U}nl{\"u}},
  journal = {Journal of Statistical Software},
  year = {2016},
  volume = {74},
  number = {2},
  pages = {1--24},
  doi = {10.18637/jss.v074.i02},
}
@Article{R-jsscdm,
  title = {The {R} Package {CDM} for Cognitive Diagnosis Models},
  author = {Ann Cathrice George and Alexander Robitzsch and Thomas Kiefer and J{\"u}rgen Gro{\ss} and Ali {\"U}nl{\"u}},
  journal = {Journal of Statistical Software},
  year = {2016},
  volume = {74},
  number = {2},
  pages = {1--24},
  doi = {10.18637/jss.v074.i02},
}
@Article{R-jsscdm,
  title = {The {R} Package {CDM} for Cognitive Diagnosis Models},
  author = {Ann Cathrice George and Alexander Robitzsch and Thomas Kiefer and J{\"u}rgen Gro{\ss} and Ali {\"U}nl{\"u}},
  journal = {Journal of Statistical Software},
  year = {2016},
  volume = {74},
  number = {2},
  pages = {1--24},
  doi = {10.18637/jss.v074.i02},
}
@Article{R-jsscdm,
  title = {The {R} Package {CDM} for Cognitive Diagnosis Models},
  author = {Ann Cathrice George and Alexander Robitzsch and Thomas Kiefer and J{\"u}rgen Gro{\ss} and Ali {\"U}nl{\"u}},
  journal = {Journal of Statistical Software},
  year = {2016},
  volume = {74},
  number = {2},
  pages = {1--24},
  doi = {10.18637/jss.v074.i02},
}
@Article{R-jsscdm,
  title = {The {R} Package {CDM} for Cognitive Diagnosis Models},
  author = {Ann Cathrice George and Alexander Robitzsch and Thomas Kiefer and J{\"u}rgen Gro{\ss} and Ali {\"U}nl{\"u}},
  journal = {Journal of Statistical Software},
  year = {2016},
  volume = {74},
  number = {2},
  pages = {1--24},
  doi = {10.18637/jss.v074.i02},
}
@Article{R-jsscdm,
  title = {The {R} Package {CDM} for Cognitive Diagnosis Models},
  author = {Ann Cathrice George and Alexander Robitzsch and Thomas Kiefer and J{\"u}rgen Gro{\ss} and Ali {\"U}nl{\"u}},
  journal = {Journal of Statistical Software},
  year = {2016},
  volume = {74},
  number = {2},
  pages = {1--24},
  doi = {10.18637/jss.v074.i02},
}
@Article{R-jsscdm,
  title = {The {R} Package {CDM} for Cognitive Diagnosis Models},
  author = {Ann Cathrice George and Alexander Robitzsch and Thomas Kiefer and J{\"u}rgen Gro{\ss} and Ali {\"U}nl{\"u}},
  journal = {Journal of Statistical Software},
  year = {2016},
  volume = {74},
  number = {2},
  pages = {1--24},
  doi = {10.18637/jss.v074.i02},
}
@Article{R-jsscdm,
  title = {The {R} Package {CDM} for Cognitive Diagnosis Models},
  author = {Ann Cathrice George and Alexander Robitzsch and Thomas Kiefer and J{\"u}rgen Gro{\ss} and Ali {\"U}nl{\"u}},
  journal = {Journal of Statistical Software},
  year = {2016},
  volume = {74},
  number = {2},
  pages = {1--24},
  doi = {10.18637/jss.v074.i02},
}
@Article{R-jsscdm,
  title = {The {R} Package {CDM} for Cognitive Diagnosis Models},
  author = {Ann Cathrice George and Alexander Robitzsch and Thomas Kiefer and J{\"u}rgen Gro{\ss} and Ali {\"U}nl{\"u}},
  journal = {Journal of Statistical Software},
  year = {2016},
  volume = {74},
  number = {2},
  pages = {1--24},
  doi = {10.18637/jss.v074.i02},
}
@Article{R-jsscdm,
  title = {The {R} Package {CDM} for Cognitive Diagnosis Models},
  author = {Ann Cathrice George and Alexander Robitzsch and Thomas Kiefer and J{\"u}rgen Gro{\ss} and Ali {\"U}nl{\"u}},
  journal = {Journal of Statistical Software},
  year = {2016},
  volume = {74},
  number = {2},
  pages = {1--24},
  doi = {10.18637/jss.v074.i02},
}
@Article{R-jsscdm,
  title = {The {R} Package {CDM} for Cognitive Diagnosis Models},
  author = {Ann Cathrice George and Alexander Robitzsch and Thomas Kiefer and J{\"u}rgen Gro{\ss} and Ali {\"U}nl{\"u}},
  journal = {Journal of Statistical Software},
  year = {2016},
  volume = {74},
  number = {2},
  pages = {1--24},
  doi = {10.18637/jss.v074.i02},
}
@Article{R-jsscdm,
  title = {The {R} Package {CDM} for Cognitive Diagnosis Models},
  author = {Ann Cathrice George and Alexander Robitzsch and Thomas Kiefer and J{\"u}rgen Gro{\ss} and Ali {\"U}nl{\"u}},
  journal = {Journal of Statistical Software},
  year = {2016},
  volume = {74},
  number = {2},
  pages = {1--24},
  doi = {10.18637/jss.v074.i02},
}
@Article{R-jsscdm,
  title = {The {R} Package {CDM} for Cognitive Diagnosis Models},
  author = {Ann Cathrice George and Alexander Robitzsch and Thomas Kiefer and J{\"u}rgen Gro{\ss} and Ali {\"U}nl{\"u}},
  journal = {Journal of Statistical Software},
  year = {2016},
  volume = {74},
  number = {2},
  pages = {1--24},
  doi = {10.18637/jss.v074.i02},
}
@Article{R-jsscdm,
  title = {The {R} Package {CDM} for Cognitive Diagnosis Models},
  author = {Ann Cathrice George and Alexander Robitzsch and Thomas Kiefer and J{\"u}rgen Gro{\ss} and Ali {\"U}nl{\"u}},
  journal = {Journal of Statistical Software},
  year = {2016},
  volume = {74},
  number = {2},
  pages = {1--24},
  doi = {10.18637/jss.v074.i02},
}
@Article{R-jsscdm,
  title = {The {R} Package {CDM} for Cognitive Diagnosis Models},
  author = {Ann Cathrice George and Alexander Robitzsch and Thomas Kiefer and J{\"u}rgen Gro{\ss} and Ali {\"U}nl{\"u}},
  journal = {Journal of Statistical Software},
  year = {2016},
  volume = {74},
  number = {2},
  pages = {1--24},
  doi = {10.18637/jss.v074.i02},
}
@Article{R-jsscdm,
  title = {The {R} Package {CDM} for Cognitive Diagnosis Models},
  author = {Ann Cathrice George and Alexander Robitzsch and Thomas Kiefer and J{\"u}rgen Gro{\ss} and Ali {\"U}nl{\"u}},
  journal = {Journal of Statistical Software},
  year = {2016},
  volume = {74},
  number = {2},
  pages = {1--24},
  doi = {10.18637/jss.v074.i02},
}
@Article{R-jsscdm,
  title = {The {R} Package {CDM} for Cognitive Diagnosis Models},
  author = {Ann Cathrice George and Alexander Robitzsch and Thomas Kiefer and J{\"u}rgen Gro{\ss} and Ali {\"U}nl{\"u}},
  journal = {Journal of Statistical Software},
  year = {2016},
  volume = {74},
  number = {2},
  pages = {1--24},
  doi = {10.18637/jss.v074.i02},
}
@Article{R-jsscdm,
  title = {The {R} Package {CDM} for Cognitive Diagnosis Models},
  author = {Ann Cathrice George and Alexander Robitzsch and Thomas Kiefer and J{\"u}rgen Gro{\ss} and Ali {\"U}nl{\"u}},
  journal = {Journal of Statistical Software},
  year = {2016},
  volume = {74},
  number = {2},
  pages = {1--24},
  doi = {10.18637/jss.v074.i02},
}
@Article{R-jsscdm,
  title = {The {R} Package {CDM} for Cognitive Diagnosis Models},
  author = {Ann Cathrice George and Alexander Robitzsch and Thomas Kiefer and J{\"u}rgen Gro{\ss} and Ali {\"U}nl{\"u}},
  journal = {Journal of Statistical Software},
  year = {2016},
  volume = {74},
  number = {2},
  pages = {1--24},
  doi = {10.18637/jss.v074.i02},
}
@Article{R-jsscdm,
  title = {The {R} Package {CDM} for Cognitive Diagnosis Models},
  author = {Ann Cathrice George and Alexander Robitzsch and Thomas Kiefer and J{\"u}rgen Gro{\ss} and Ali {\"U}nl{\"u}},
  journal = {Journal of Statistical Software},
  year = {2016},
  volume = {74},
  number = {2},
  pages = {1--24},
  doi = {10.18637/jss.v074.i02},
}
@Article{R-jsscdm,
  title = {The {R} Package {CDM} for Cognitive Diagnosis Models},
  author = {Ann Cathrice George and Alexander Robitzsch and Thomas Kiefer and J{\"u}rgen Gro{\ss} and Ali {\"U}nl{\"u}},
  journal = {Journal of Statistical Software},
  year = {2016},
  volume = {74},
  number = {2},
  pages = {1--24},
  doi = {10.18637/jss.v074.i02},
}
@Article{R-jsscdm,
  title = {The {R} Package {CDM} for Cognitive Diagnosis Models},
  author = {Ann Cathrice George and Alexander Robitzsch and Thomas Kiefer and J{\"u}rgen Gro{\ss} and Ali {\"U}nl{\"u}},
  journal = {Journal of Statistical Software},
  year = {2016},
  volume = {74},
  number = {2},
  pages = {1--24},
  doi = {10.18637/jss.v074.i02},
}
@Article{R-jsscdm,
  title = {The {R} Package {CDM} for Cognitive Diagnosis Models},
  author = {Ann Cathrice George and Alexander Robitzsch and Thomas Kiefer and J{\"u}rgen Gro{\ss} and Ali {\"U}nl{\"u}},
  journal = {Journal of Statistical Software},
  year = {2016},
  volume = {74},
  number = {2},
  pages = {1--24},
  doi = {10.18637/jss.v074.i02},
}
@Article{R-jsscdm,
  title = {The {R} Package {CDM} for Cognitive Diagnosis Models},
  author = {Ann Cathrice George and Alexander Robitzsch and Thomas Kiefer and J{\"u}rgen Gro{\ss} and Ali {\"U}nl{\"u}},
  journal = {Journal of Statistical Software},
  year = {2016},
  volume = {74},
  number = {2},
  pages = {1--24},
  doi = {10.18637/jss.v074.i02},
}
@Article{R-jsscdm,
  title = {The {R} Package {CDM} for Cognitive Diagnosis Models},
  author = {Ann Cathrice George and Alexander Robitzsch and Thomas Kiefer and J{\"u}rgen Gro{\ss} and Ali {\"U}nl{\"u}},
  journal = {Journal of Statistical Software},
  year = {2016},
  volume = {74},
  number = {2},
  pages = {1--24},
  doi = {10.18637/jss.v074.i02},
}
@Article{R-jsscdm,
  title = {The {R} Package {CDM} for Cognitive Diagnosis Models},
  author = {Ann Cathrice George and Alexander Robitzsch and Thomas Kiefer and J{\"u}rgen Gro{\ss} and Ali {\"U}nl{\"u}},
  journal = {Journal of Statistical Software},
  year = {2016},
  volume = {74},
  number = {2},
  pages = {1--24},
  doi = {10.18637/jss.v074.i02},
}
@Article{R-jsscdm,
  title = {The {R} Package {CDM} for Cognitive Diagnosis Models},
  author = {Ann Cathrice George and Alexander Robitzsch and Thomas Kiefer and J{\"u}rgen Gro{\ss} and Ali {\"U}nl{\"u}},
  journal = {Journal of Statistical Software},
  year = {2016},
  volume = {74},
  number = {2},
  pages = {1--24},
  doi = {10.18637/jss.v074.i02},
}
@Article{R-jsscdm,
  title = {The {R} Package {CDM} for Cognitive Diagnosis Models},
  author = {Ann Cathrice George and Alexander Robitzsch and Thomas Kiefer and J{\"u}rgen Gro{\ss} and Ali {\"U}nl{\"u}},
  journal = {Journal of Statistical Software},
  year = {2016},
  volume = {74},
  number = {2},
  pages = {1--24},
  doi = {10.18637/jss.v074.i02},
}
@Article{R-jsscdm,
  title = {The {R} Package {CDM} for Cognitive Diagnosis Models},
  author = {Ann Cathrice George and Alexander Robitzsch and Thomas Kiefer and J{\"u}rgen Gro{\ss} and Ali {\"U}nl{\"u}},
  journal = {Journal of Statistical Software},
  year = {2016},
  volume = {74},
  number = {2},
  pages = {1--24},
  doi = {10.18637/jss.v074.i02},
}
@Article{R-jsscdm,
  title = {The {R} Package {CDM} for Cognitive Diagnosis Models},
  author = {Ann Cathrice George and Alexander Robitzsch and Thomas Kiefer and J{\"u}rgen Gro{\ss} and Ali {\"U}nl{\"u}},
  journal = {Journal of Statistical Software},
  year = {2016},
  volume = {74},
  number = {2},
  pages = {1--24},
  doi = {10.18637/jss.v074.i02},
}
@Article{R-jsscdm,
  title = {The {R} Package {CDM} for Cognitive Diagnosis Models},
  author = {Ann Cathrice George and Alexander Robitzsch and Thomas Kiefer and J{\"u}rgen Gro{\ss} and Ali {\"U}nl{\"u}},
  journal = {Journal of Statistical Software},
  year = {2016},
  volume = {74},
  number = {2},
  pages = {1--24},
  doi = {10.18637/jss.v074.i02},
}
@Article{R-jsscdm,
  title = {The {R} Package {CDM} for Cognitive Diagnosis Models},
  author = {Ann Cathrice George and Alexander Robitzsch and Thomas Kiefer and J{\"u}rgen Gro{\ss} and Ali {\"U}nl{\"u}},
  journal = {Journal of Statistical Software},
  year = {2016},
  volume = {74},
  number = {2},
  pages = {1--24},
  doi = {10.18637/jss.v074.i02},
}
@Article{R-jsscdm,
  title = {The {R} Package {CDM} for Cognitive Diagnosis Models},
  author = {Ann Cathrice George and Alexander Robitzsch and Thomas Kiefer and J{\"u}rgen Gro{\ss} and Ali {\"U}nl{\"u}},
  journal = {Journal of Statistical Software},
  year = {2016},
  volume = {74},
  number = {2},
  pages = {1--24},
  doi = {10.18637/jss.v074.i02},
}
@Article{R-jsscdm,
  title = {The {R} Package {CDM} for Cognitive Diagnosis Models},
  author = {Ann Cathrice George and Alexander Robitzsch and Thomas Kiefer and J{\"u}rgen Gro{\ss} and Ali {\"U}nl{\"u}},
  journal = {Journal of Statistical Software},
  year = {2016},
  volume = {74},
  number = {2},
  pages = {1--24},
  doi = {10.18637/jss.v074.i02},
}
@Article{R-jsscdm,
  title = {The {R} Package {CDM} for Cognitive Diagnosis Models},
  author = {Ann Cathrice George and Alexander Robitzsch and Thomas Kiefer and J{\"u}rgen Gro{\ss} and Ali {\"U}nl{\"u}},
  journal = {Journal of Statistical Software},
  year = {2016},
  volume = {74},
  number = {2},
  pages = {1--24},
  doi = {10.18637/jss.v074.i02},
}
@Article{R-jsscdm,
  title = {The {R} Package {CDM} for Cognitive Diagnosis Models},
  author = {Ann Cathrice George and Alexander Robitzsch and Thomas Kiefer and J{\"u}rgen Gro{\ss} and Ali {\"U}nl{\"u}},
  journal = {Journal of Statistical Software},
  year = {2016},
  volume = {74},
  number = {2},
  pages = {1--24},
  doi = {10.18637/jss.v074.i02},
}
@Article{R-jsscdm,
  title = {The {R} Package {CDM} for Cognitive Diagnosis Models},
  author = {Ann Cathrice George and Alexander Robitzsch and Thomas Kiefer and J{\"u}rgen Gro{\ss} and Ali {\"U}nl{\"u}},
  journal = {Journal of Statistical Software},
  year = {2016},
  volume = {74},
  number = {2},
  pages = {1--24},
  doi = {10.18637/jss.v074.i02},
}
@Article{R-jsscdm,
  title = {The {R} Package {CDM} for Cognitive Diagnosis Models},
  author = {Ann Cathrice George and Alexander Robitzsch and Thomas Kiefer and J{\"u}rgen Gro{\ss} and Ali {\"U}nl{\"u}},
  journal = {Journal of Statistical Software},
  year = {2016},
  volume = {74},
  number = {2},
  pages = {1--24},
  doi = {10.18637/jss.v074.i02},
}
@Article{R-jsscdm,
  title = {The {R} Package {CDM} for Cognitive Diagnosis Models},
  author = {Ann Cathrice George and Alexander Robitzsch and Thomas Kiefer and J{\"u}rgen Gro{\ss} and Ali {\"U}nl{\"u}},
  journal = {Journal of Statistical Software},
  year = {2016},
  volume = {74},
  number = {2},
  pages = {1--24},
  doi = {10.18637/jss.v074.i02},
}
@Article{R-jsscdm,
  title = {The {R} Package {CDM} for Cognitive Diagnosis Models},
  author = {Ann Cathrice George and Alexander Robitzsch and Thomas Kiefer and J{\"u}rgen Gro{\ss} and Ali {\"U}nl{\"u}},
  journal = {Journal of Statistical Software},
  year = {2016},
  volume = {74},
  number = {2},
  pages = {1--24},
  doi = {10.18637/jss.v074.i02},
}
@Article{R-jsscdm,
  title = {The {R} Package {CDM} for Cognitive Diagnosis Models},
  author = {Ann Cathrice George and Alexander Robitzsch and Thomas Kiefer and J{\"u}rgen Gro{\ss} and Ali {\"U}nl{\"u}},
  journal = {Journal of Statistical Software},
  year = {2016},
  volume = {74},
  number = {2},
  pages = {1--24},
  doi = {10.18637/jss.v074.i02},
}
@Article{R-jsscdm,
  title = {The {R} Package {CDM} for Cognitive Diagnosis Models},
  author = {Ann Cathrice George and Alexander Robitzsch and Thomas Kiefer and J{\"u}rgen Gro{\ss} and Ali {\"U}nl{\"u}},
  journal = {Journal of Statistical Software},
  year = {2016},
  volume = {74},
  number = {2},
  pages = {1--24},
  doi = {10.18637/jss.v074.i02},
}
@Article{R-jsscdm,
  title = {The {R} Package {CDM} for Cognitive Diagnosis Models},
  author = {Ann Cathrice George and Alexander Robitzsch and Thomas Kiefer and J{\"u}rgen Gro{\ss} and Ali {\"U}nl{\"u}},
  journal = {Journal of Statistical Software},
  year = {2016},
  volume = {74},
  number = {2},
  pages = {1--24},
  doi = {10.18637/jss.v074.i02},
}
@Article{R-jsscdm,
  title = {The {R} Package {CDM} for Cognitive Diagnosis Models},
  author = {Ann Cathrice George and Alexander Robitzsch and Thomas Kiefer and J{\"u}rgen Gro{\ss} and Ali {\"U}nl{\"u}},
  journal = {Journal of Statistical Software},
  year = {2016},
  volume = {74},
  number = {2},
  pages = {1--24},
  doi = {10.18637/jss.v074.i02},
}
@Article{R-jsscdm,
  title = {The {R} Package {CDM} for Cognitive Diagnosis Models},
  author = {Ann Cathrice George and Alexander Robitzsch and Thomas Kiefer and J{\"u}rgen Gro{\ss} and Ali {\"U}nl{\"u}},
  journal = {Journal of Statistical Software},
  year = {2016},
  volume = {74},
  number = {2},
  pages = {1--24},
  doi = {10.18637/jss.v074.i02},
}
@Article{R-jsscdm,
  title = {The {R} Package {CDM} for Cognitive Diagnosis Models},
  author = {Ann Cathrice George and Alexander Robitzsch and Thomas Kiefer and J{\"u}rgen Gro{\ss} and Ali {\"U}nl{\"u}},
  journal = {Journal of Statistical Software},
  year = {2016},
  volume = {74},
  number = {2},
  pages = {1--24},
  doi = {10.18637/jss.v074.i02},
}
@Article{R-jsscdm,
  title = {The {R} Package {CDM} for Cognitive Diagnosis Models},
  author = {Ann Cathrice George and Alexander Robitzsch and Thomas Kiefer and J{\"u}rgen Gro{\ss} and Ali {\"U}nl{\"u}},
  journal = {Journal of Statistical Software},
  year = {2016},
  volume = {74},
  number = {2},
  pages = {1--24},
  doi = {10.18637/jss.v074.i02},
}
@Article{R-jsscdm,
  title = {The {R} Package {CDM} for Cognitive Diagnosis Models},
  author = {Ann Cathrice George and Alexander Robitzsch and Thomas Kiefer and J{\"u}rgen Gro{\ss} and Ali {\"U}nl{\"u}},
  journal = {Journal of Statistical Software},
  year = {2016},
  volume = {74},
  number = {2},
  pages = {1--24},
  doi = {10.18637/jss.v074.i02},
}
@Article{R-jsscdm,
  title = {The {R} Package {CDM} for Cognitive Diagnosis Models},
  author = {Ann Cathrice George and Alexander Robitzsch and Thomas Kiefer and J{\"u}rgen Gro{\ss} and Ali {\"U}nl{\"u}},
  journal = {Journal of Statistical Software},
  year = {2016},
  volume = {74},
  number = {2},
  pages = {1--24},
  doi = {10.18637/jss.v074.i02},
}
@Article{R-jsscdm,
  title = {The {R} Package {CDM} for Cognitive Diagnosis Models},
  author = {Ann Cathrice George and Alexander Robitzsch and Thomas Kiefer and J{\"u}rgen Gro{\ss} and Ali {\"U}nl{\"u}},
  journal = {Journal of Statistical Software},
  year = {2016},
  volume = {74},
  number = {2},
  pages = {1--24},
  doi = {10.18637/jss.v074.i02},
}
@Article{R-jsscdm,
  title = {The {R} Package {CDM} for Cognitive Diagnosis Models},
  author = {Ann Cathrice George and Alexander Robitzsch and Thomas Kiefer and J{\"u}rgen Gro{\ss} and Ali {\"U}nl{\"u}},
  journal = {Journal of Statistical Software},
  year = {2016},
  volume = {74},
  number = {2},
  pages = {1--24},
  doi = {10.18637/jss.v074.i02},
}
@Article{R-jsscdm,
  title = {The {R} Package {CDM} for Cognitive Diagnosis Models},
  author = {Ann Cathrice George and Alexander Robitzsch and Thomas Kiefer and J{\"u}rgen Gro{\ss} and Ali {\"U}nl{\"u}},
  journal = {Journal of Statistical Software},
  year = {2016},
  volume = {74},
  number = {2},
  pages = {1--24},
  doi = {10.18637/jss.v074.i02},
}
@Article{R-jsscdm,
  title = {The {R} Package {CDM} for Cognitive Diagnosis Models},
  author = {Ann Cathrice George and Alexander Robitzsch and Thomas Kiefer and J{\"u}rgen Gro{\ss} and Ali {\"U}nl{\"u}},
  journal = {Journal of Statistical Software},
  year = {2016},
  volume = {74},
  number = {2},
  pages = {1--24},
  doi = {10.18637/jss.v074.i02},
}
@Article{R-jsscdm,
  title = {The {R} Package {CDM} for Cognitive Diagnosis Models},
  author = {Ann Cathrice George and Alexander Robitzsch and Thomas Kiefer and J{\"u}rgen Gro{\ss} and Ali {\"U}nl{\"u}},
  journal = {Journal of Statistical Software},
  year = {2016},
  volume = {74},
  number = {2},
  pages = {1--24},
  doi = {10.18637/jss.v074.i02},
}
@Article{R-jsscdm,
  title = {The {R} Package {CDM} for Cognitive Diagnosis Models},
  author = {Ann Cathrice George and Alexander Robitzsch and Thomas Kiefer and J{\"u}rgen Gro{\ss} and Ali {\"U}nl{\"u}},
  journal = {Journal of Statistical Software},
  year = {2016},
  volume = {74},
  number = {2},
  pages = {1--24},
  doi = {10.18637/jss.v074.i02},
}
@Article{R-jsscdm,
  title = {The {R} Package {CDM} for Cognitive Diagnosis Models},
  author = {Ann Cathrice George and Alexander Robitzsch and Thomas Kiefer and J{\"u}rgen Gro{\ss} and Ali {\"U}nl{\"u}},
  journal = {Journal of Statistical Software},
  year = {2016},
  volume = {74},
  number = {2},
  pages = {1--24},
  doi = {10.18637/jss.v074.i02},
}
@Article{R-jsscdm,
  title = {The {R} Package {CDM} for Cognitive Diagnosis Models},
  author = {Ann Cathrice George and Alexander Robitzsch and Thomas Kiefer and J{\"u}rgen Gro{\ss} and Ali {\"U}nl{\"u}},
  journal = {Journal of Statistical Software},
  year = {2016},
  volume = {74},
  number = {2},
  pages = {1--24},
  doi = {10.18637/jss.v074.i02},
}
@Article{R-jsscdm,
  title = {The {R} Package {CDM} for Cognitive Diagnosis Models},
  author = {Ann Cathrice George and Alexander Robitzsch and Thomas Kiefer and J{\"u}rgen Gro{\ss} and Ali {\"U}nl{\"u}},
  journal = {Journal of Statistical Software},
  year = {2016},
  volume = {74},
  number = {2},
  pages = {1--24},
  doi = {10.18637/jss.v074.i02},
}
@Article{R-jsscdm,
  title = {The {R} Package {CDM} for Cognitive Diagnosis Models},
  author = {Ann Cathrice George and Alexander Robitzsch and Thomas Kiefer and J{\"u}rgen Gro{\ss} and Ali {\"U}nl{\"u}},
  journal = {Journal of Statistical Software},
  year = {2016},
  volume = {74},
  number = {2},
  pages = {1--24},
  doi = {10.18637/jss.v074.i02},
}
@Manual{R-kableExtra,
  title = {kableExtra: Construct Complex Table with 'kable' and Pipe Syntax},
  author = {Hao Zhu},
  year = {2021},
  note = {R package version 1.3.4},
  url = {https://CRAN.R-project.org/package=kableExtra},
}
@Book{R-knitr,
  title = {Dynamic Documents with {R} and knitr},
  author = {Yihui Xie},
  publisher = {Chapman and Hall/CRC},
  address = {Boca Raton, Florida},
  year = {2015},
  edition = {2nd},
  note = {ISBN 978-1498716963},
  url = {https://yihui.org/knitr/},
}
@Article{R-jsscdm,
  title = {The {R} Package {CDM} for Cognitive Diagnosis Models},
  author = {Ann Cathrice George and Alexander Robitzsch and Thomas Kiefer and J{\"u}rgen Gro{\ss} and Ali {\"U}nl{\"u}},
  journal = {Journal of Statistical Software},
  year = {2016},
  volume = {74},
  number = {2},
  pages = {1--24},
  doi = {10.18637/jss.v074.i02},
}
@Article{R-jsscdm,
  title = {The {R} Package {CDM} for Cognitive Diagnosis Models},
  author = {Ann Cathrice George and Alexander Robitzsch and Thomas Kiefer and J{\"u}rgen Gro{\ss} and Ali {\"U}nl{\"u}},
  journal = {Journal of Statistical Software},
  year = {2016},
  volume = {74},
  number = {2},
  pages = {1--24},
  doi = {10.18637/jss.v074.i02},
}
@Article{R-jsscdm,
  title = {The {R} Package {CDM} for Cognitive Diagnosis Models},
  author = {Ann Cathrice George and Alexander Robitzsch and Thomas Kiefer and J{\"u}rgen Gro{\ss} and Ali {\"U}nl{\"u}},
  journal = {Journal of Statistical Software},
  year = {2016},
  volume = {74},
  number = {2},
  pages = {1--24},
  doi = {10.18637/jss.v074.i02},
}
@Article{R-jsscdm,
  title = {The {R} Package {CDM} for Cognitive Diagnosis Models},
  author = {Ann Cathrice George and Alexander Robitzsch and Thomas Kiefer and J{\"u}rgen Gro{\ss} and Ali {\"U}nl{\"u}},
  journal = {Journal of Statistical Software},
  year = {2016},
  volume = {74},
  number = {2},
  pages = {1--24},
  doi = {10.18637/jss.v074.i02},
}
@Article{R-jsscdm,
  title = {The {R} Package {CDM} for Cognitive Diagnosis Models},
  author = {Ann Cathrice George and Alexander Robitzsch and Thomas Kiefer and J{\"u}rgen Gro{\ss} and Ali {\"U}nl{\"u}},
  journal = {Journal of Statistical Software},
  year = {2016},
  volume = {74},
  number = {2},
  pages = {1--24},
  doi = {10.18637/jss.v074.i02},
}
@Article{R-jsscdm,
  title = {The {R} Package {CDM} for Cognitive Diagnosis Models},
  author = {Ann Cathrice George and Alexander Robitzsch and Thomas Kiefer and J{\"u}rgen Gro{\ss} and Ali {\"U}nl{\"u}},
  journal = {Journal of Statistical Software},
  year = {2016},
  volume = {74},
  number = {2},
  pages = {1--24},
  doi = {10.18637/jss.v074.i02},
}
@Article{R-jsscdm,
  title = {The {R} Package {CDM} for Cognitive Diagnosis Models},
  author = {Ann Cathrice George and Alexander Robitzsch and Thomas Kiefer and J{\"u}rgen Gro{\ss} and Ali {\"U}nl{\"u}},
  journal = {Journal of Statistical Software},
  year = {2016},
  volume = {74},
  number = {2},
  pages = {1--24},
  doi = {10.18637/jss.v074.i02},
}
@Article{R-jsscdm,
  title = {The {R} Package {CDM} for Cognitive Diagnosis Models},
  author = {Ann Cathrice George and Alexander Robitzsch and Thomas Kiefer and J{\"u}rgen Gro{\ss} and Ali {\"U}nl{\"u}},
  journal = {Journal of Statistical Software},
  year = {2016},
  volume = {74},
  number = {2},
  pages = {1--24},
  doi = {10.18637/jss.v074.i02},
}
@Article{R-jsscdm,
  title = {The {R} Package {CDM} for Cognitive Diagnosis Models},
  author = {Ann Cathrice George and Alexander Robitzsch and Thomas Kiefer and J{\"u}rgen Gro{\ss} and Ali {\"U}nl{\"u}},
  journal = {Journal of Statistical Software},
  year = {2016},
  volume = {74},
  number = {2},
  pages = {1--24},
  doi = {10.18637/jss.v074.i02},
}
@Article{R-jsscdm,
  title = {The {R} Package {CDM} for Cognitive Diagnosis Models},
  author = {Ann Cathrice George and Alexander Robitzsch and Thomas Kiefer and J{\"u}rgen Gro{\ss} and Ali {\"U}nl{\"u}},
  journal = {Journal of Statistical Software},
  year = {2016},
  volume = {74},
  number = {2},
  pages = {1--24},
  doi = {10.18637/jss.v074.i02},
}
@Article{R-jsscdm,
  title = {The {R} Package {CDM} for Cognitive Diagnosis Models},
  author = {Ann Cathrice George and Alexander Robitzsch and Thomas Kiefer and J{\"u}rgen Gro{\ss} and Ali {\"U}nl{\"u}},
  journal = {Journal of Statistical Software},
  year = {2016},
  volume = {74},
  number = {2},
  pages = {1--24},
  doi = {10.18637/jss.v074.i02},
}
@Article{R-jsscdm,
  title = {The {R} Package {CDM} for Cognitive Diagnosis Models},
  author = {Ann Cathrice George and Alexander Robitzsch and Thomas Kiefer and J{\"u}rgen Gro{\ss} and Ali {\"U}nl{\"u}},
  journal = {Journal of Statistical Software},
  year = {2016},
  volume = {74},
  number = {2},
  pages = {1--24},
  doi = {10.18637/jss.v074.i02},
}
@Article{R-jsscdm,
  title = {The {R} Package {CDM} for Cognitive Diagnosis Models},
  author = {Ann Cathrice George and Alexander Robitzsch and Thomas Kiefer and J{\"u}rgen Gro{\ss} and Ali {\"U}nl{\"u}},
  journal = {Journal of Statistical Software},
  year = {2016},
  volume = {74},
  number = {2},
  pages = {1--24},
  doi = {10.18637/jss.v074.i02},
}
@Article{R-jsscdm,
  title = {The {R} Package {CDM} for Cognitive Diagnosis Models},
  author = {Ann Cathrice George and Alexander Robitzsch and Thomas Kiefer and J{\"u}rgen Gro{\ss} and Ali {\"U}nl{\"u}},
  journal = {Journal of Statistical Software},
  year = {2016},
  volume = {74},
  number = {2},
  pages = {1--24},
  doi = {10.18637/jss.v074.i02},
}
@Article{R-jsscdm,
  title = {The {R} Package {CDM} for Cognitive Diagnosis Models},
  author = {Ann Cathrice George and Alexander Robitzsch and Thomas Kiefer and J{\"u}rgen Gro{\ss} and Ali {\"U}nl{\"u}},
  journal = {Journal of Statistical Software},
  year = {2016},
  volume = {74},
  number = {2},
  pages = {1--24},
  doi = {10.18637/jss.v074.i02},
}
@Article{R-jsscdm,
  title = {The {R} Package {CDM} for Cognitive Diagnosis Models},
  author = {Ann Cathrice George and Alexander Robitzsch and Thomas Kiefer and J{\"u}rgen Gro{\ss} and Ali {\"U}nl{\"u}},
  journal = {Journal of Statistical Software},
  year = {2016},
  volume = {74},
  number = {2},
  pages = {1--24},
  doi = {10.18637/jss.v074.i02},
}
@Article{R-jsscdm,
  title = {The {R} Package {CDM} for Cognitive Diagnosis Models},
  author = {Ann Cathrice George and Alexander Robitzsch and Thomas Kiefer and J{\"u}rgen Gro{\ss} and Ali {\"U}nl{\"u}},
  journal = {Journal of Statistical Software},
  year = {2016},
  volume = {74},
  number = {2},
  pages = {1--24},
  doi = {10.18637/jss.v074.i02},
}
@Article{R-jsscdm,
  title = {The {R} Package {CDM} for Cognitive Diagnosis Models},
  author = {Ann Cathrice George and Alexander Robitzsch and Thomas Kiefer and J{\"u}rgen Gro{\ss} and Ali {\"U}nl{\"u}},
  journal = {Journal of Statistical Software},
  year = {2016},
  volume = {74},
  number = {2},
  pages = {1--24},
  doi = {10.18637/jss.v074.i02},
}
@Article{R-jsscdm,
  title = {The {R} Package {CDM} for Cognitive Diagnosis Models},
  author = {Ann Cathrice George and Alexander Robitzsch and Thomas Kiefer and J{\"u}rgen Gro{\ss} and Ali {\"U}nl{\"u}},
  journal = {Journal of Statistical Software},
  year = {2016},
  volume = {74},
  number = {2},
  pages = {1--24},
  doi = {10.18637/jss.v074.i02},
}
@Article{R-jsscdm,
  title = {The {R} Package {CDM} for Cognitive Diagnosis Models},
  author = {Ann Cathrice George and Alexander Robitzsch and Thomas Kiefer and J{\"u}rgen Gro{\ss} and Ali {\"U}nl{\"u}},
  journal = {Journal of Statistical Software},
  year = {2016},
  volume = {74},
  number = {2},
  pages = {1--24},
  doi = {10.18637/jss.v074.i02},
}
@Article{R-jsscdm,
  title = {The {R} Package {CDM} for Cognitive Diagnosis Models},
  author = {Ann Cathrice George and Alexander Robitzsch and Thomas Kiefer and J{\"u}rgen Gro{\ss} and Ali {\"U}nl{\"u}},
  journal = {Journal of Statistical Software},
  year = {2016},
  volume = {74},
  number = {2},
  pages = {1--24},
  doi = {10.18637/jss.v074.i02},
}
@Article{R-jsscdm,
  title = {The {R} Package {CDM} for Cognitive Diagnosis Models},
  author = {Ann Cathrice George and Alexander Robitzsch and Thomas Kiefer and J{\"u}rgen Gro{\ss} and Ali {\"U}nl{\"u}},
  journal = {Journal of Statistical Software},
  year = {2016},
  volume = {74},
  number = {2},
  pages = {1--24},
  doi = {10.18637/jss.v074.i02},
}
@Article{R-jsscdm,
  title = {The {R} Package {CDM} for Cognitive Diagnosis Models},
  author = {Ann Cathrice George and Alexander Robitzsch and Thomas Kiefer and J{\"u}rgen Gro{\ss} and Ali {\"U}nl{\"u}},
  journal = {Journal of Statistical Software},
  year = {2016},
  volume = {74},
  number = {2},
  pages = {1--24},
  doi = {10.18637/jss.v074.i02},
}
@Article{R-jsscdm,
  title = {The {R} Package {CDM} for Cognitive Diagnosis Models},
  author = {Ann Cathrice George and Alexander Robitzsch and Thomas Kiefer and J{\"u}rgen Gro{\ss} and Ali {\"U}nl{\"u}},
  journal = {Journal of Statistical Software},
  year = {2016},
  volume = {74},
  number = {2},
  pages = {1--24},
  doi = {10.18637/jss.v074.i02},
}
@Article{R-jsscdm,
  title = {The {R} Package {CDM} for Cognitive Diagnosis Models},
  author = {Ann Cathrice George and Alexander Robitzsch and Thomas Kiefer and J{\"u}rgen Gro{\ss} and Ali {\"U}nl{\"u}},
  journal = {Journal of Statistical Software},
  year = {2016},
  volume = {74},
  number = {2},
  pages = {1--24},
  doi = {10.18637/jss.v074.i02},
}
@Article{R-jsscdm,
  title = {The {R} Package {CDM} for Cognitive Diagnosis Models},
  author = {Ann Cathrice George and Alexander Robitzsch and Thomas Kiefer and J{\"u}rgen Gro{\ss} and Ali {\"U}nl{\"u}},
  journal = {Journal of Statistical Software},
  year = {2016},
  volume = {74},
  number = {2},
  pages = {1--24},
  doi = {10.18637/jss.v074.i02},
}
@Article{R-jsscdm,
  title = {The {R} Package {CDM} for Cognitive Diagnosis Models},
  author = {Ann Cathrice George and Alexander Robitzsch and Thomas Kiefer and J{\"u}rgen Gro{\ss} and Ali {\"U}nl{\"u}},
  journal = {Journal of Statistical Software},
  year = {2016},
  volume = {74},
  number = {2},
  pages = {1--24},
  doi = {10.18637/jss.v074.i02},
}
@Article{R-jsscdm,
  title = {The {R} Package {CDM} for Cognitive Diagnosis Models},
  author = {Ann Cathrice George and Alexander Robitzsch and Thomas Kiefer and J{\"u}rgen Gro{\ss} and Ali {\"U}nl{\"u}},
  journal = {Journal of Statistical Software},
  year = {2016},
  volume = {74},
  number = {2},
  pages = {1--24},
  doi = {10.18637/jss.v074.i02},
}
@Article{R-jsscdm,
  title = {The {R} Package {CDM} for Cognitive Diagnosis Models},
  author = {Ann Cathrice George and Alexander Robitzsch and Thomas Kiefer and J{\"u}rgen Gro{\ss} and Ali {\"U}nl{\"u}},
  journal = {Journal of Statistical Software},
  year = {2016},
  volume = {74},
  number = {2},
  pages = {1--24},
  doi = {10.18637/jss.v074.i02},
}
@Article{R-jsscdm,
  title = {The {R} Package {CDM} for Cognitive Diagnosis Models},
  author = {Ann Cathrice George and Alexander Robitzsch and Thomas Kiefer and J{\"u}rgen Gro{\ss} and Ali {\"U}nl{\"u}},
  journal = {Journal of Statistical Software},
  year = {2016},
  volume = {74},
  number = {2},
  pages = {1--24},
  doi = {10.18637/jss.v074.i02},
}
@Article{R-jsscdm,
  title = {The {R} Package {CDM} for Cognitive Diagnosis Models},
  author = {Ann Cathrice George and Alexander Robitzsch and Thomas Kiefer and J{\"u}rgen Gro{\ss} and Ali {\"U}nl{\"u}},
  journal = {Journal of Statistical Software},
  year = {2016},
  volume = {74},
  number = {2},
  pages = {1--24},
  doi = {10.18637/jss.v074.i02},
}
@Article{R-jsscdm,
  title = {The {R} Package {CDM} for Cognitive Diagnosis Models},
  author = {Ann Cathrice George and Alexander Robitzsch and Thomas Kiefer and J{\"u}rgen Gro{\ss} and Ali {\"U}nl{\"u}},
  journal = {Journal of Statistical Software},
  year = {2016},
  volume = {74},
  number = {2},
  pages = {1--24},
  doi = {10.18637/jss.v074.i02},
}
@Article{R-jsscdm,
  title = {The {R} Package {CDM} for Cognitive Diagnosis Models},
  author = {Ann Cathrice George and Alexander Robitzsch and Thomas Kiefer and J{\"u}rgen Gro{\ss} and Ali {\"U}nl{\"u}},
  journal = {Journal of Statistical Software},
  year = {2016},
  volume = {74},
  number = {2},
  pages = {1--24},
  doi = {10.18637/jss.v074.i02},
}
@Article{R-jsscdm,
  title = {The {R} Package {CDM} for Cognitive Diagnosis Models},
  author = {Ann Cathrice George and Alexander Robitzsch and Thomas Kiefer and J{\"u}rgen Gro{\ss} and Ali {\"U}nl{\"u}},
  journal = {Journal of Statistical Software},
  year = {2016},
  volume = {74},
  number = {2},
  pages = {1--24},
  doi = {10.18637/jss.v074.i02},
}
@Article{R-jsscdm,
  title = {The {R} Package {CDM} for Cognitive Diagnosis Models},
  author = {Ann Cathrice George and Alexander Robitzsch and Thomas Kiefer and J{\"u}rgen Gro{\ss} and Ali {\"U}nl{\"u}},
  journal = {Journal of Statistical Software},
  year = {2016},
  volume = {74},
  number = {2},
  pages = {1--24},
  doi = {10.18637/jss.v074.i02},
}
@Article{R-jsscdm,
  title = {The {R} Package {CDM} for Cognitive Diagnosis Models},
  author = {Ann Cathrice George and Alexander Robitzsch and Thomas Kiefer and J{\"u}rgen Gro{\ss} and Ali {\"U}nl{\"u}},
  journal = {Journal of Statistical Software},
  year = {2016},
  volume = {74},
  number = {2},
  pages = {1--24},
  doi = {10.18637/jss.v074.i02},
}
@Article{R-jsscdm,
  title = {The {R} Package {CDM} for Cognitive Diagnosis Models},
  author = {Ann Cathrice George and Alexander Robitzsch and Thomas Kiefer and J{\"u}rgen Gro{\ss} and Ali {\"U}nl{\"u}},
  journal = {Journal of Statistical Software},
  year = {2016},
  volume = {74},
  number = {2},
  pages = {1--24},
  doi = {10.18637/jss.v074.i02},
}
@Article{R-jsscdm,
  title = {The {R} Package {CDM} for Cognitive Diagnosis Models},
  author = {Ann Cathrice George and Alexander Robitzsch and Thomas Kiefer and J{\"u}rgen Gro{\ss} and Ali {\"U}nl{\"u}},
  journal = {Journal of Statistical Software},
  year = {2016},
  volume = {74},
  number = {2},
  pages = {1--24},
  doi = {10.18637/jss.v074.i02},
}
@Article{R-jsscdm,
  title = {The {R} Package {CDM} for Cognitive Diagnosis Models},
  author = {Ann Cathrice George and Alexander Robitzsch and Thomas Kiefer and J{\"u}rgen Gro{\ss} and Ali {\"U}nl{\"u}},
  journal = {Journal of Statistical Software},
  year = {2016},
  volume = {74},
  number = {2},
  pages = {1--24},
  doi = {10.18637/jss.v074.i02},
}
@Article{R-jsscdm,
  title = {The {R} Package {CDM} for Cognitive Diagnosis Models},
  author = {Ann Cathrice George and Alexander Robitzsch and Thomas Kiefer and J{\"u}rgen Gro{\ss} and Ali {\"U}nl{\"u}},
  journal = {Journal of Statistical Software},
  year = {2016},
  volume = {74},
  number = {2},
  pages = {1--24},
  doi = {10.18637/jss.v074.i02},
}
@Article{R-jsscdm,
  title = {The {R} Package {CDM} for Cognitive Diagnosis Models},
  author = {Ann Cathrice George and Alexander Robitzsch and Thomas Kiefer and J{\"u}rgen Gro{\ss} and Ali {\"U}nl{\"u}},
  journal = {Journal of Statistical Software},
  year = {2016},
  volume = {74},
  number = {2},
  pages = {1--24},
  doi = {10.18637/jss.v074.i02},
}
@Article{R-jsscdm,
  title = {The {R} Package {CDM} for Cognitive Diagnosis Models},
  author = {Ann Cathrice George and Alexander Robitzsch and Thomas Kiefer and J{\"u}rgen Gro{\ss} and Ali {\"U}nl{\"u}},
  journal = {Journal of Statistical Software},
  year = {2016},
  volume = {74},
  number = {2},
  pages = {1--24},
  doi = {10.18637/jss.v074.i02},
}
@Article{R-jsscdm,
  title = {The {R} Package {CDM} for Cognitive Diagnosis Models},
  author = {Ann Cathrice George and Alexander Robitzsch and Thomas Kiefer and J{\"u}rgen Gro{\ss} and Ali {\"U}nl{\"u}},
  journal = {Journal of Statistical Software},
  year = {2016},
  volume = {74},
  number = {2},
  pages = {1--24},
  doi = {10.18637/jss.v074.i02},
}
@Article{R-jsscdm,
  title = {The {R} Package {CDM} for Cognitive Diagnosis Models},
  author = {Ann Cathrice George and Alexander Robitzsch and Thomas Kiefer and J{\"u}rgen Gro{\ss} and Ali {\"U}nl{\"u}},
  journal = {Journal of Statistical Software},
  year = {2016},
  volume = {74},
  number = {2},
  pages = {1--24},
  doi = {10.18637/jss.v074.i02},
}
@Article{R-jsscdm,
  title = {The {R} Package {CDM} for Cognitive Diagnosis Models},
  author = {Ann Cathrice George and Alexander Robitzsch and Thomas Kiefer and J{\"u}rgen Gro{\ss} and Ali {\"U}nl{\"u}},
  journal = {Journal of Statistical Software},
  year = {2016},
  volume = {74},
  number = {2},
  pages = {1--24},
  doi = {10.18637/jss.v074.i02},
}
@Article{R-jsscdm,
  title = {The {R} Package {CDM} for Cognitive Diagnosis Models},
  author = {Ann Cathrice George and Alexander Robitzsch and Thomas Kiefer and J{\"u}rgen Gro{\ss} and Ali {\"U}nl{\"u}},
  journal = {Journal of Statistical Software},
  year = {2016},
  volume = {74},
  number = {2},
  pages = {1--24},
  doi = {10.18637/jss.v074.i02},
}
@Article{R-jsscdm,
  title = {The {R} Package {CDM} for Cognitive Diagnosis Models},
  author = {Ann Cathrice George and Alexander Robitzsch and Thomas Kiefer and J{\"u}rgen Gro{\ss} and Ali {\"U}nl{\"u}},
  journal = {Journal of Statistical Software},
  year = {2016},
  volume = {74},
  number = {2},
  pages = {1--24},
  doi = {10.18637/jss.v074.i02},
}
@Article{R-jsscdm,
  title = {The {R} Package {CDM} for Cognitive Diagnosis Models},
  author = {Ann Cathrice George and Alexander Robitzsch and Thomas Kiefer and J{\"u}rgen Gro{\ss} and Ali {\"U}nl{\"u}},
  journal = {Journal of Statistical Software},
  year = {2016},
  volume = {74},
  number = {2},
  pages = {1--24},
  doi = {10.18637/jss.v074.i02},
}
@Article{R-jsscdm,
  title = {The {R} Package {CDM} for Cognitive Diagnosis Models},
  author = {Ann Cathrice George and Alexander Robitzsch and Thomas Kiefer and J{\"u}rgen Gro{\ss} and Ali {\"U}nl{\"u}},
  journal = {Journal of Statistical Software},
  year = {2016},
  volume = {74},
  number = {2},
  pages = {1--24},
  doi = {10.18637/jss.v074.i02},
}
@Article{R-jsscdm,
  title = {The {R} Package {CDM} for Cognitive Diagnosis Models},
  author = {Ann Cathrice George and Alexander Robitzsch and Thomas Kiefer and J{\"u}rgen Gro{\ss} and Ali {\"U}nl{\"u}},
  journal = {Journal of Statistical Software},
  year = {2016},
  volume = {74},
  number = {2},
  pages = {1--24},
  doi = {10.18637/jss.v074.i02},
}
@Article{R-jsscdm,
  title = {The {R} Package {CDM} for Cognitive Diagnosis Models},
  author = {Ann Cathrice George and Alexander Robitzsch and Thomas Kiefer and J{\"u}rgen Gro{\ss} and Ali {\"U}nl{\"u}},
  journal = {Journal of Statistical Software},
  year = {2016},
  volume = {74},
  number = {2},
  pages = {1--24},
  doi = {10.18637/jss.v074.i02},
}
@Article{R-jsscdm,
  title = {The {R} Package {CDM} for Cognitive Diagnosis Models},
  author = {Ann Cathrice George and Alexander Robitzsch and Thomas Kiefer and J{\"u}rgen Gro{\ss} and Ali {\"U}nl{\"u}},
  journal = {Journal of Statistical Software},
  year = {2016},
  volume = {74},
  number = {2},
  pages = {1--24},
  doi = {10.18637/jss.v074.i02},
}
@Article{R-jsscdm,
  title = {The {R} Package {CDM} for Cognitive Diagnosis Models},
  author = {Ann Cathrice George and Alexander Robitzsch and Thomas Kiefer and J{\"u}rgen Gro{\ss} and Ali {\"U}nl{\"u}},
  journal = {Journal of Statistical Software},
  year = {2016},
  volume = {74},
  number = {2},
  pages = {1--24},
  doi = {10.18637/jss.v074.i02},
}
@Article{R-jsscdm,
  title = {The {R} Package {CDM} for Cognitive Diagnosis Models},
  author = {Ann Cathrice George and Alexander Robitzsch and Thomas Kiefer and J{\"u}rgen Gro{\ss} and Ali {\"U}nl{\"u}},
  journal = {Journal of Statistical Software},
  year = {2016},
  volume = {74},
  number = {2},
  pages = {1--24},
  doi = {10.18637/jss.v074.i02},
}
@Article{R-jsscdm,
  title = {The {R} Package {CDM} for Cognitive Diagnosis Models},
  author = {Ann Cathrice George and Alexander Robitzsch and Thomas Kiefer and J{\"u}rgen Gro{\ss} and Ali {\"U}nl{\"u}},
  journal = {Journal of Statistical Software},
  year = {2016},
  volume = {74},
  number = {2},
  pages = {1--24},
  doi = {10.18637/jss.v074.i02},
}
@Article{R-jsscdm,
  title = {The {R} Package {CDM} for Cognitive Diagnosis Models},
  author = {Ann Cathrice George and Alexander Robitzsch and Thomas Kiefer and J{\"u}rgen Gro{\ss} and Ali {\"U}nl{\"u}},
  journal = {Journal of Statistical Software},
  year = {2016},
  volume = {74},
  number = {2},
  pages = {1--24},
  doi = {10.18637/jss.v074.i02},
}
@Article{R-jsscdm,
  title = {The {R} Package {CDM} for Cognitive Diagnosis Models},
  author = {Ann Cathrice George and Alexander Robitzsch and Thomas Kiefer and J{\"u}rgen Gro{\ss} and Ali {\"U}nl{\"u}},
  journal = {Journal of Statistical Software},
  year = {2016},
  volume = {74},
  number = {2},
  pages = {1--24},
  doi = {10.18637/jss.v074.i02},
}
@Article{R-jsscdm,
  title = {The {R} Package {CDM} for Cognitive Diagnosis Models},
  author = {Ann Cathrice George and Alexander Robitzsch and Thomas Kiefer and J{\"u}rgen Gro{\ss} and Ali {\"U}nl{\"u}},
  journal = {Journal of Statistical Software},
  year = {2016},
  volume = {74},
  number = {2},
  pages = {1--24},
  doi = {10.18637/jss.v074.i02},
}
@Article{R-jsscdm,
  title = {The {R} Package {CDM} for Cognitive Diagnosis Models},
  author = {Ann Cathrice George and Alexander Robitzsch and Thomas Kiefer and J{\"u}rgen Gro{\ss} and Ali {\"U}nl{\"u}},
  journal = {Journal of Statistical Software},
  year = {2016},
  volume = {74},
  number = {2},
  pages = {1--24},
  doi = {10.18637/jss.v074.i02},
}
@Article{R-jsscdm,
  title = {The {R} Package {CDM} for Cognitive Diagnosis Models},
  author = {Ann Cathrice George and Alexander Robitzsch and Thomas Kiefer and J{\"u}rgen Gro{\ss} and Ali {\"U}nl{\"u}},
  journal = {Journal of Statistical Software},
  year = {2016},
  volume = {74},
  number = {2},
  pages = {1--24},
  doi = {10.18637/jss.v074.i02},
}
@Article{R-jsscdm,
  title = {The {R} Package {CDM} for Cognitive Diagnosis Models},
  author = {Ann Cathrice George and Alexander Robitzsch and Thomas Kiefer and J{\"u}rgen Gro{\ss} and Ali {\"U}nl{\"u}},
  journal = {Journal of Statistical Software},
  year = {2016},
  volume = {74},
  number = {2},
  pages = {1--24},
  doi = {10.18637/jss.v074.i02},
}
@Article{R-jsscdm,
  title = {The {R} Package {CDM} for Cognitive Diagnosis Models},
  author = {Ann Cathrice George and Alexander Robitzsch and Thomas Kiefer and J{\"u}rgen Gro{\ss} and Ali {\"U}nl{\"u}},
  journal = {Journal of Statistical Software},
  year = {2016},
  volume = {74},
  number = {2},
  pages = {1--24},
  doi = {10.18637/jss.v074.i02},
}
@Article{R-jsscdm,
  title = {The {R} Package {CDM} for Cognitive Diagnosis Models},
  author = {Ann Cathrice George and Alexander Robitzsch and Thomas Kiefer and J{\"u}rgen Gro{\ss} and Ali {\"U}nl{\"u}},
  journal = {Journal of Statistical Software},
  year = {2016},
  volume = {74},
  number = {2},
  pages = {1--24},
  doi = {10.18637/jss.v074.i02},
}
@Article{R-jsscdm,
  title = {The {R} Package {CDM} for Cognitive Diagnosis Models},
  author = {Ann Cathrice George and Alexander Robitzsch and Thomas Kiefer and J{\"u}rgen Gro{\ss} and Ali {\"U}nl{\"u}},
  journal = {Journal of Statistical Software},
  year = {2016},
  volume = {74},
  number = {2},
  pages = {1--24},
  doi = {10.18637/jss.v074.i02},
}
@Article{R-jsscdm,
  title = {The {R} Package {CDM} for Cognitive Diagnosis Models},
  author = {Ann Cathrice George and Alexander Robitzsch and Thomas Kiefer and J{\"u}rgen Gro{\ss} and Ali {\"U}nl{\"u}},
  journal = {Journal of Statistical Software},
  year = {2016},
  volume = {74},
  number = {2},
  pages = {1--24},
  doi = {10.18637/jss.v074.i02},
}
@Article{R-jsscdm,
  title = {The {R} Package {CDM} for Cognitive Diagnosis Models},
  author = {Ann Cathrice George and Alexander Robitzsch and Thomas Kiefer and J{\"u}rgen Gro{\ss} and Ali {\"U}nl{\"u}},
  journal = {Journal of Statistical Software},
  year = {2016},
  volume = {74},
  number = {2},
  pages = {1--24},
  doi = {10.18637/jss.v074.i02},
}
@Article{R-jsscdm,
  title = {The {R} Package {CDM} for Cognitive Diagnosis Models},
  author = {Ann Cathrice George and Alexander Robitzsch and Thomas Kiefer and J{\"u}rgen Gro{\ss} and Ali {\"U}nl{\"u}},
  journal = {Journal of Statistical Software},
  year = {2016},
  volume = {74},
  number = {2},
  pages = {1--24},
  doi = {10.18637/jss.v074.i02},
}
@Article{R-jsscdm,
  title = {The {R} Package {CDM} for Cognitive Diagnosis Models},
  author = {Ann Cathrice George and Alexander Robitzsch and Thomas Kiefer and J{\"u}rgen Gro{\ss} and Ali {\"U}nl{\"u}},
  journal = {Journal of Statistical Software},
  year = {2016},
  volume = {74},
  number = {2},
  pages = {1--24},
  doi = {10.18637/jss.v074.i02},
}
@Article{R-jsscdm,
  title = {The {R} Package {CDM} for Cognitive Diagnosis Models},
  author = {Ann Cathrice George and Alexander Robitzsch and Thomas Kiefer and J{\"u}rgen Gro{\ss} and Ali {\"U}nl{\"u}},
  journal = {Journal of Statistical Software},
  year = {2016},
  volume = {74},
  number = {2},
  pages = {1--24},
  doi = {10.18637/jss.v074.i02},
}
@Article{R-jsscdm,
  title = {The {R} Package {CDM} for Cognitive Diagnosis Models},
  author = {Ann Cathrice George and Alexander Robitzsch and Thomas Kiefer and J{\"u}rgen Gro{\ss} and Ali {\"U}nl{\"u}},
  journal = {Journal of Statistical Software},
  year = {2016},
  volume = {74},
  number = {2},
  pages = {1--24},
  doi = {10.18637/jss.v074.i02},
}
@Article{R-jsscdm,
  title = {The {R} Package {CDM} for Cognitive Diagnosis Models},
  author = {Ann Cathrice George and Alexander Robitzsch and Thomas Kiefer and J{\"u}rgen Gro{\ss} and Ali {\"U}nl{\"u}},
  journal = {Journal of Statistical Software},
  year = {2016},
  volume = {74},
  number = {2},
  pages = {1--24},
  doi = {10.18637/jss.v074.i02},
}
@Article{R-jsscdm,
  title = {The {R} Package {CDM} for Cognitive Diagnosis Models},
  author = {Ann Cathrice George and Alexander Robitzsch and Thomas Kiefer and J{\"u}rgen Gro{\ss} and Ali {\"U}nl{\"u}},
  journal = {Journal of Statistical Software},
  year = {2016},
  volume = {74},
  number = {2},
  pages = {1--24},
  doi = {10.18637/jss.v074.i02},
}
@Article{R-jsscdm,
  title = {The {R} Package {CDM} for Cognitive Diagnosis Models},
  author = {Ann Cathrice George and Alexander Robitzsch and Thomas Kiefer and J{\"u}rgen Gro{\ss} and Ali {\"U}nl{\"u}},
  journal = {Journal of Statistical Software},
  year = {2016},
  volume = {74},
  number = {2},
  pages = {1--24},
  doi = {10.18637/jss.v074.i02},
}
@Article{R-jsscdm,
  title = {The {R} Package {CDM} for Cognitive Diagnosis Models},
  author = {Ann Cathrice George and Alexander Robitzsch and Thomas Kiefer and J{\"u}rgen Gro{\ss} and Ali {\"U}nl{\"u}},
  journal = {Journal of Statistical Software},
  year = {2016},
  volume = {74},
  number = {2},
  pages = {1--24},
  doi = {10.18637/jss.v074.i02},
}
@Article{R-jsscdm,
  title = {The {R} Package {CDM} for Cognitive Diagnosis Models},
  author = {Ann Cathrice George and Alexander Robitzsch and Thomas Kiefer and J{\"u}rgen Gro{\ss} and Ali {\"U}nl{\"u}},
  journal = {Journal of Statistical Software},
  year = {2016},
  volume = {74},
  number = {2},
  pages = {1--24},
  doi = {10.18637/jss.v074.i02},
}
@Article{R-jsscdm,
  title = {The {R} Package {CDM} for Cognitive Diagnosis Models},
  author = {Ann Cathrice George and Alexander Robitzsch and Thomas Kiefer and J{\"u}rgen Gro{\ss} and Ali {\"U}nl{\"u}},
  journal = {Journal of Statistical Software},
  year = {2016},
  volume = {74},
  number = {2},
  pages = {1--24},
  doi = {10.18637/jss.v074.i02},
}
@Article{R-jsscdm,
  title = {The {R} Package {CDM} for Cognitive Diagnosis Models},
  author = {Ann Cathrice George and Alexander Robitzsch and Thomas Kiefer and J{\"u}rgen Gro{\ss} and Ali {\"U}nl{\"u}},
  journal = {Journal of Statistical Software},
  year = {2016},
  volume = {74},
  number = {2},
  pages = {1--24},
  doi = {10.18637/jss.v074.i02},
}
@Article{R-jsscdm,
  title = {The {R} Package {CDM} for Cognitive Diagnosis Models},
  author = {Ann Cathrice George and Alexander Robitzsch and Thomas Kiefer and J{\"u}rgen Gro{\ss} and Ali {\"U}nl{\"u}},
  journal = {Journal of Statistical Software},
  year = {2016},
  volume = {74},
  number = {2},
  pages = {1--24},
  doi = {10.18637/jss.v074.i02},
}
@Article{R-jsscdm,
  title = {The {R} Package {CDM} for Cognitive Diagnosis Models},
  author = {Ann Cathrice George and Alexander Robitzsch and Thomas Kiefer and J{\"u}rgen Gro{\ss} and Ali {\"U}nl{\"u}},
  journal = {Journal of Statistical Software},
  year = {2016},
  volume = {74},
  number = {2},
  pages = {1--24},
  doi = {10.18637/jss.v074.i02},
}
@Article{R-jsscdm,
  title = {The {R} Package {CDM} for Cognitive Diagnosis Models},
  author = {Ann Cathrice George and Alexander Robitzsch and Thomas Kiefer and J{\"u}rgen Gro{\ss} and Ali {\"U}nl{\"u}},
  journal = {Journal of Statistical Software},
  year = {2016},
  volume = {74},
  number = {2},
  pages = {1--24},
  doi = {10.18637/jss.v074.i02},
}
@Article{R-jsscdm,
  title = {The {R} Package {CDM} for Cognitive Diagnosis Models},
  author = {Ann Cathrice George and Alexander Robitzsch and Thomas Kiefer and J{\"u}rgen Gro{\ss} and Ali {\"U}nl{\"u}},
  journal = {Journal of Statistical Software},
  year = {2016},
  volume = {74},
  number = {2},
  pages = {1--24},
  doi = {10.18637/jss.v074.i02},
}
@Article{R-jsscdm,
  title = {The {R} Package {CDM} for Cognitive Diagnosis Models},
  author = {Ann Cathrice George and Alexander Robitzsch and Thomas Kiefer and J{\"u}rgen Gro{\ss} and Ali {\"U}nl{\"u}},
  journal = {Journal of Statistical Software},
  year = {2016},
  volume = {74},
  number = {2},
  pages = {1--24},
  doi = {10.18637/jss.v074.i02},
}
@Article{R-jsscdm,
  title = {The {R} Package {CDM} for Cognitive Diagnosis Models},
  author = {Ann Cathrice George and Alexander Robitzsch and Thomas Kiefer and J{\"u}rgen Gro{\ss} and Ali {\"U}nl{\"u}},
  journal = {Journal of Statistical Software},
  year = {2016},
  volume = {74},
  number = {2},
  pages = {1--24},
  doi = {10.18637/jss.v074.i02},
}
@Article{R-jsscdm,
  title = {The {R} Package {CDM} for Cognitive Diagnosis Models},
  author = {Ann Cathrice George and Alexander Robitzsch and Thomas Kiefer and J{\"u}rgen Gro{\ss} and Ali {\"U}nl{\"u}},
  journal = {Journal of Statistical Software},
  year = {2016},
  volume = {74},
  number = {2},
  pages = {1--24},
  doi = {10.18637/jss.v074.i02},
}
@Article{R-jsscdm,
  title = {The {R} Package {CDM} for Cognitive Diagnosis Models},
  author = {Ann Cathrice George and Alexander Robitzsch and Thomas Kiefer and J{\"u}rgen Gro{\ss} and Ali {\"U}nl{\"u}},
  journal = {Journal of Statistical Software},
  year = {2016},
  volume = {74},
  number = {2},
  pages = {1--24},
  doi = {10.18637/jss.v074.i02},
}
@Article{R-jsscdm,
  title = {The {R} Package {CDM} for Cognitive Diagnosis Models},
  author = {Ann Cathrice George and Alexander Robitzsch and Thomas Kiefer and J{\"u}rgen Gro{\ss} and Ali {\"U}nl{\"u}},
  journal = {Journal of Statistical Software},
  year = {2016},
  volume = {74},
  number = {2},
  pages = {1--24},
  doi = {10.18637/jss.v074.i02},
}
@Article{R-jsscdm,
  title = {The {R} Package {CDM} for Cognitive Diagnosis Models},
  author = {Ann Cathrice George and Alexander Robitzsch and Thomas Kiefer and J{\"u}rgen Gro{\ss} and Ali {\"U}nl{\"u}},
  journal = {Journal of Statistical Software},
  year = {2016},
  volume = {74},
  number = {2},
  pages = {1--24},
  doi = {10.18637/jss.v074.i02},
}
@Article{R-jsscdm,
  title = {The {R} Package {CDM} for Cognitive Diagnosis Models},
  author = {Ann Cathrice George and Alexander Robitzsch and Thomas Kiefer and J{\"u}rgen Gro{\ss} and Ali {\"U}nl{\"u}},
  journal = {Journal of Statistical Software},
  year = {2016},
  volume = {74},
  number = {2},
  pages = {1--24},
  doi = {10.18637/jss.v074.i02},
}
@Article{R-jsscdm,
  title = {The {R} Package {CDM} for Cognitive Diagnosis Models},
  author = {Ann Cathrice George and Alexander Robitzsch and Thomas Kiefer and J{\"u}rgen Gro{\ss} and Ali {\"U}nl{\"u}},
  journal = {Journal of Statistical Software},
  year = {2016},
  volume = {74},
  number = {2},
  pages = {1--24},
  doi = {10.18637/jss.v074.i02},
}
@Article{R-jsscdm,
  title = {The {R} Package {CDM} for Cognitive Diagnosis Models},
  author = {Ann Cathrice George and Alexander Robitzsch and Thomas Kiefer and J{\"u}rgen Gro{\ss} and Ali {\"U}nl{\"u}},
  journal = {Journal of Statistical Software},
  year = {2016},
  volume = {74},
  number = {2},
  pages = {1--24},
  doi = {10.18637/jss.v074.i02},
}
@Article{R-jsscdm,
  title = {The {R} Package {CDM} for Cognitive Diagnosis Models},
  author = {Ann Cathrice George and Alexander Robitzsch and Thomas Kiefer and J{\"u}rgen Gro{\ss} and Ali {\"U}nl{\"u}},
  journal = {Journal of Statistical Software},
  year = {2016},
  volume = {74},
  number = {2},
  pages = {1--24},
  doi = {10.18637/jss.v074.i02},
}
@Article{R-jsscdm,
  title = {The {R} Package {CDM} for Cognitive Diagnosis Models},
  author = {Ann Cathrice George and Alexander Robitzsch and Thomas Kiefer and J{\"u}rgen Gro{\ss} and Ali {\"U}nl{\"u}},
  journal = {Journal of Statistical Software},
  year = {2016},
  volume = {74},
  number = {2},
  pages = {1--24},
  doi = {10.18637/jss.v074.i02},
}
@Article{R-jsscdm,
  title = {The {R} Package {CDM} for Cognitive Diagnosis Models},
  author = {Ann Cathrice George and Alexander Robitzsch and Thomas Kiefer and J{\"u}rgen Gro{\ss} and Ali {\"U}nl{\"u}},
  journal = {Journal of Statistical Software},
  year = {2016},
  volume = {74},
  number = {2},
  pages = {1--24},
  doi = {10.18637/jss.v074.i02},
}
@Article{R-jsscdm,
  title = {The {R} Package {CDM} for Cognitive Diagnosis Models},
  author = {Ann Cathrice George and Alexander Robitzsch and Thomas Kiefer and J{\"u}rgen Gro{\ss} and Ali {\"U}nl{\"u}},
  journal = {Journal of Statistical Software},
  year = {2016},
  volume = {74},
  number = {2},
  pages = {1--24},
  doi = {10.18637/jss.v074.i02},
}
@Article{R-jsscdm,
  title = {The {R} Package {CDM} for Cognitive Diagnosis Models},
  author = {Ann Cathrice George and Alexander Robitzsch and Thomas Kiefer and J{\"u}rgen Gro{\ss} and Ali {\"U}nl{\"u}},
  journal = {Journal of Statistical Software},
  year = {2016},
  volume = {74},
  number = {2},
  pages = {1--24},
  doi = {10.18637/jss.v074.i02},
}
@Article{R-jsscdm,
  title = {The {R} Package {CDM} for Cognitive Diagnosis Models},
  author = {Ann Cathrice George and Alexander Robitzsch and Thomas Kiefer and J{\"u}rgen Gro{\ss} and Ali {\"U}nl{\"u}},
  journal = {Journal of Statistical Software},
  year = {2016},
  volume = {74},
  number = {2},
  pages = {1--24},
  doi = {10.18637/jss.v074.i02},
}
@Article{R-jsscdm,
  title = {The {R} Package {CDM} for Cognitive Diagnosis Models},
  author = {Ann Cathrice George and Alexander Robitzsch and Thomas Kiefer and J{\"u}rgen Gro{\ss} and Ali {\"U}nl{\"u}},
  journal = {Journal of Statistical Software},
  year = {2016},
  volume = {74},
  number = {2},
  pages = {1--24},
  doi = {10.18637/jss.v074.i02},
}
@Article{R-jsscdm,
  title = {The {R} Package {CDM} for Cognitive Diagnosis Models},
  author = {Ann Cathrice George and Alexander Robitzsch and Thomas Kiefer and J{\"u}rgen Gro{\ss} and Ali {\"U}nl{\"u}},
  journal = {Journal of Statistical Software},
  year = {2016},
  volume = {74},
  number = {2},
  pages = {1--24},
  doi = {10.18637/jss.v074.i02},
}
@Article{R-jsscdm,
  title = {The {R} Package {CDM} for Cognitive Diagnosis Models},
  author = {Ann Cathrice George and Alexander Robitzsch and Thomas Kiefer and J{\"u}rgen Gro{\ss} and Ali {\"U}nl{\"u}},
  journal = {Journal of Statistical Software},
  year = {2016},
  volume = {74},
  number = {2},
  pages = {1--24},
  doi = {10.18637/jss.v074.i02},
}
@Article{R-jsscdm,
  title = {The {R} Package {CDM} for Cognitive Diagnosis Models},
  author = {Ann Cathrice George and Alexander Robitzsch and Thomas Kiefer and J{\"u}rgen Gro{\ss} and Ali {\"U}nl{\"u}},
  journal = {Journal of Statistical Software},
  year = {2016},
  volume = {74},
  number = {2},
  pages = {1--24},
  doi = {10.18637/jss.v074.i02},
}
@Article{R-jsscdm,
  title = {The {R} Package {CDM} for Cognitive Diagnosis Models},
  author = {Ann Cathrice George and Alexander Robitzsch and Thomas Kiefer and J{\"u}rgen Gro{\ss} and Ali {\"U}nl{\"u}},
  journal = {Journal of Statistical Software},
  year = {2016},
  volume = {74},
  number = {2},
  pages = {1--24},
  doi = {10.18637/jss.v074.i02},
}
@Article{R-jsscdm,
  title = {The {R} Package {CDM} for Cognitive Diagnosis Models},
  author = {Ann Cathrice George and Alexander Robitzsch and Thomas Kiefer and J{\"u}rgen Gro{\ss} and Ali {\"U}nl{\"u}},
  journal = {Journal of Statistical Software},
  year = {2016},
  volume = {74},
  number = {2},
  pages = {1--24},
  doi = {10.18637/jss.v074.i02},
}
@Article{R-jsscdm,
  title = {The {R} Package {CDM} for Cognitive Diagnosis Models},
  author = {Ann Cathrice George and Alexander Robitzsch and Thomas Kiefer and J{\"u}rgen Gro{\ss} and Ali {\"U}nl{\"u}},
  journal = {Journal of Statistical Software},
  year = {2016},
  volume = {74},
  number = {2},
  pages = {1--24},
  doi = {10.18637/jss.v074.i02},
}
@Article{R-jsscdm,
  title = {The {R} Package {CDM} for Cognitive Diagnosis Models},
  author = {Ann Cathrice George and Alexander Robitzsch and Thomas Kiefer and J{\"u}rgen Gro{\ss} and Ali {\"U}nl{\"u}},
  journal = {Journal of Statistical Software},
  year = {2016},
  volume = {74},
  number = {2},
  pages = {1--24},
  doi = {10.18637/jss.v074.i02},
}
@Article{R-jsscdm,
  title = {The {R} Package {CDM} for Cognitive Diagnosis Models},
  author = {Ann Cathrice George and Alexander Robitzsch and Thomas Kiefer and J{\"u}rgen Gro{\ss} and Ali {\"U}nl{\"u}},
  journal = {Journal of Statistical Software},
  year = {2016},
  volume = {74},
  number = {2},
  pages = {1--24},
  doi = {10.18637/jss.v074.i02},
}
@Article{R-jsscdm,
  title = {The {R} Package {CDM} for Cognitive Diagnosis Models},
  author = {Ann Cathrice George and Alexander Robitzsch and Thomas Kiefer and J{\"u}rgen Gro{\ss} and Ali {\"U}nl{\"u}},
  journal = {Journal of Statistical Software},
  year = {2016},
  volume = {74},
  number = {2},
  pages = {1--24},
  doi = {10.18637/jss.v074.i02},
}
@Article{R-jsscdm,
  title = {The {R} Package {CDM} for Cognitive Diagnosis Models},
  author = {Ann Cathrice George and Alexander Robitzsch and Thomas Kiefer and J{\"u}rgen Gro{\ss} and Ali {\"U}nl{\"u}},
  journal = {Journal of Statistical Software},
  year = {2016},
  volume = {74},
  number = {2},
  pages = {1--24},
  doi = {10.18637/jss.v074.i02},
}
@Article{R-jsscdm,
  title = {The {R} Package {CDM} for Cognitive Diagnosis Models},
  author = {Ann Cathrice George and Alexander Robitzsch and Thomas Kiefer and J{\"u}rgen Gro{\ss} and Ali {\"U}nl{\"u}},
  journal = {Journal of Statistical Software},
  year = {2016},
  volume = {74},
  number = {2},
  pages = {1--24},
  doi = {10.18637/jss.v074.i02},
}
@Article{R-jsscdm,
  title = {The {R} Package {CDM} for Cognitive Diagnosis Models},
  author = {Ann Cathrice George and Alexander Robitzsch and Thomas Kiefer and J{\"u}rgen Gro{\ss} and Ali {\"U}nl{\"u}},
  journal = {Journal of Statistical Software},
  year = {2016},
  volume = {74},
  number = {2},
  pages = {1--24},
  doi = {10.18637/jss.v074.i02},
}
@Article{R-jsscdm,
  title = {The {R} Package {CDM} for Cognitive Diagnosis Models},
  author = {Ann Cathrice George and Alexander Robitzsch and Thomas Kiefer and J{\"u}rgen Gro{\ss} and Ali {\"U}nl{\"u}},
  journal = {Journal of Statistical Software},
  year = {2016},
  volume = {74},
  number = {2},
  pages = {1--24},
  doi = {10.18637/jss.v074.i02},
}
@Article{R-jsscdm,
  title = {The {R} Package {CDM} for Cognitive Diagnosis Models},
  author = {Ann Cathrice George and Alexander Robitzsch and Thomas Kiefer and J{\"u}rgen Gro{\ss} and Ali {\"U}nl{\"u}},
  journal = {Journal of Statistical Software},
  year = {2016},
  volume = {74},
  number = {2},
  pages = {1--24},
  doi = {10.18637/jss.v074.i02},
}
@Article{R-jsscdm,
  title = {The {R} Package {CDM} for Cognitive Diagnosis Models},
  author = {Ann Cathrice George and Alexander Robitzsch and Thomas Kiefer and J{\"u}rgen Gro{\ss} and Ali {\"U}nl{\"u}},
  journal = {Journal of Statistical Software},
  year = {2016},
  volume = {74},
  number = {2},
  pages = {1--24},
  doi = {10.18637/jss.v074.i02},
}
@Article{R-jsscdm,
  title = {The {R} Package {CDM} for Cognitive Diagnosis Models},
  author = {Ann Cathrice George and Alexander Robitzsch and Thomas Kiefer and J{\"u}rgen Gro{\ss} and Ali {\"U}nl{\"u}},
  journal = {Journal of Statistical Software},
  year = {2016},
  volume = {74},
  number = {2},
  pages = {1--24},
  doi = {10.18637/jss.v074.i02},
}
@Article{R-jsscdm,
  title = {The {R} Package {CDM} for Cognitive Diagnosis Models},
  author = {Ann Cathrice George and Alexander Robitzsch and Thomas Kiefer and J{\"u}rgen Gro{\ss} and Ali {\"U}nl{\"u}},
  journal = {Journal of Statistical Software},
  year = {2016},
  volume = {74},
  number = {2},
  pages = {1--24},
  doi = {10.18637/jss.v074.i02},
}
@Article{R-jsscdm,
  title = {The {R} Package {CDM} for Cognitive Diagnosis Models},
  author = {Ann Cathrice George and Alexander Robitzsch and Thomas Kiefer and J{\"u}rgen Gro{\ss} and Ali {\"U}nl{\"u}},
  journal = {Journal of Statistical Software},
  year = {2016},
  volume = {74},
  number = {2},
  pages = {1--24},
  doi = {10.18637/jss.v074.i02},
}
@Article{R-jsscdm,
  title = {The {R} Package {CDM} for Cognitive Diagnosis Models},
  author = {Ann Cathrice George and Alexander Robitzsch and Thomas Kiefer and J{\"u}rgen Gro{\ss} and Ali {\"U}nl{\"u}},
  journal = {Journal of Statistical Software},
  year = {2016},
  volume = {74},
  number = {2},
  pages = {1--24},
  doi = {10.18637/jss.v074.i02},
}
@Article{R-jsscdm,
  title = {The {R} Package {CDM} for Cognitive Diagnosis Models},
  author = {Ann Cathrice George and Alexander Robitzsch and Thomas Kiefer and J{\"u}rgen Gro{\ss} and Ali {\"U}nl{\"u}},
  journal = {Journal of Statistical Software},
  year = {2016},
  volume = {74},
  number = {2},
  pages = {1--24},
  doi = {10.18637/jss.v074.i02},
}
@Article{R-jsscdm,
  title = {The {R} Package {CDM} for Cognitive Diagnosis Models},
  author = {Ann Cathrice George and Alexander Robitzsch and Thomas Kiefer and J{\"u}rgen Gro{\ss} and Ali {\"U}nl{\"u}},
  journal = {Journal of Statistical Software},
  year = {2016},
  volume = {74},
  number = {2},
  pages = {1--24},
  doi = {10.18637/jss.v074.i02},
}
@Article{R-jsscdm,
  title = {The {R} Package {CDM} for Cognitive Diagnosis Models},
  author = {Ann Cathrice George and Alexander Robitzsch and Thomas Kiefer and J{\"u}rgen Gro{\ss} and Ali {\"U}nl{\"u}},
  journal = {Journal of Statistical Software},
  year = {2016},
  volume = {74},
  number = {2},
  pages = {1--24},
  doi = {10.18637/jss.v074.i02},
}
@Article{R-jsscdm,
  title = {The {R} Package {CDM} for Cognitive Diagnosis Models},
  author = {Ann Cathrice George and Alexander Robitzsch and Thomas Kiefer and J{\"u}rgen Gro{\ss} and Ali {\"U}nl{\"u}},
  journal = {Journal of Statistical Software},
  year = {2016},
  volume = {74},
  number = {2},
  pages = {1--24},
  doi = {10.18637/jss.v074.i02},
}
@Article{R-jsscdm,
  title = {The {R} Package {CDM} for Cognitive Diagnosis Models},
  author = {Ann Cathrice George and Alexander Robitzsch and Thomas Kiefer and J{\"u}rgen Gro{\ss} and Ali {\"U}nl{\"u}},
  journal = {Journal of Statistical Software},
  year = {2016},
  volume = {74},
  number = {2},
  pages = {1--24},
  doi = {10.18637/jss.v074.i02},
}
@Article{R-jsscdm,
  title = {The {R} Package {CDM} for Cognitive Diagnosis Models},
  author = {Ann Cathrice George and Alexander Robitzsch and Thomas Kiefer and J{\"u}rgen Gro{\ss} and Ali {\"U}nl{\"u}},
  journal = {Journal of Statistical Software},
  year = {2016},
  volume = {74},
  number = {2},
  pages = {1--24},
  doi = {10.18637/jss.v074.i02},
}
@Article{R-jsscdm,
  title = {The {R} Package {CDM} for Cognitive Diagnosis Models},
  author = {Ann Cathrice George and Alexander Robitzsch and Thomas Kiefer and J{\"u}rgen Gro{\ss} and Ali {\"U}nl{\"u}},
  journal = {Journal of Statistical Software},
  year = {2016},
  volume = {74},
  number = {2},
  pages = {1--24},
  doi = {10.18637/jss.v074.i02},
}
@Article{R-jsscdm,
  title = {The {R} Package {CDM} for Cognitive Diagnosis Models},
  author = {Ann Cathrice George and Alexander Robitzsch and Thomas Kiefer and J{\"u}rgen Gro{\ss} and Ali {\"U}nl{\"u}},
  journal = {Journal of Statistical Software},
  year = {2016},
  volume = {74},
  number = {2},
  pages = {1--24},
  doi = {10.18637/jss.v074.i02},
}
@Article{R-jsscdm,
  title = {The {R} Package {CDM} for Cognitive Diagnosis Models},
  author = {Ann Cathrice George and Alexander Robitzsch and Thomas Kiefer and J{\"u}rgen Gro{\ss} and Ali {\"U}nl{\"u}},
  journal = {Journal of Statistical Software},
  year = {2016},
  volume = {74},
  number = {2},
  pages = {1--24},
  doi = {10.18637/jss.v074.i02},
}
@Article{R-jsscdm,
  title = {The {R} Package {CDM} for Cognitive Diagnosis Models},
  author = {Ann Cathrice George and Alexander Robitzsch and Thomas Kiefer and J{\"u}rgen Gro{\ss} and Ali {\"U}nl{\"u}},
  journal = {Journal of Statistical Software},
  year = {2016},
  volume = {74},
  number = {2},
  pages = {1--24},
  doi = {10.18637/jss.v074.i02},
}
@Article{R-jsscdm,
  title = {The {R} Package {CDM} for Cognitive Diagnosis Models},
  author = {Ann Cathrice George and Alexander Robitzsch and Thomas Kiefer and J{\"u}rgen Gro{\ss} and Ali {\"U}nl{\"u}},
  journal = {Journal of Statistical Software},
  year = {2016},
  volume = {74},
  number = {2},
  pages = {1--24},
  doi = {10.18637/jss.v074.i02},
}
@Article{R-jsscdm,
  title = {The {R} Package {CDM} for Cognitive Diagnosis Models},
  author = {Ann Cathrice George and Alexander Robitzsch and Thomas Kiefer and J{\"u}rgen Gro{\ss} and Ali {\"U}nl{\"u}},
  journal = {Journal of Statistical Software},
  year = {2016},
  volume = {74},
  number = {2},
  pages = {1--24},
  doi = {10.18637/jss.v074.i02},
}
@Article{R-jsscdm,
  title = {The {R} Package {CDM} for Cognitive Diagnosis Models},
  author = {Ann Cathrice George and Alexander Robitzsch and Thomas Kiefer and J{\"u}rgen Gro{\ss} and Ali {\"U}nl{\"u}},
  journal = {Journal of Statistical Software},
  year = {2016},
  volume = {74},
  number = {2},
  pages = {1--24},
  doi = {10.18637/jss.v074.i02},
}
@Article{R-jsscdm,
  title = {The {R} Package {CDM} for Cognitive Diagnosis Models},
  author = {Ann Cathrice George and Alexander Robitzsch and Thomas Kiefer and J{\"u}rgen Gro{\ss} and Ali {\"U}nl{\"u}},
  journal = {Journal of Statistical Software},
  year = {2016},
  volume = {74},
  number = {2},
  pages = {1--24},
  doi = {10.18637/jss.v074.i02},
}
@Article{R-jsscdm,
  title = {The {R} Package {CDM} for Cognitive Diagnosis Models},
  author = {Ann Cathrice George and Alexander Robitzsch and Thomas Kiefer and J{\"u}rgen Gro{\ss} and Ali {\"U}nl{\"u}},
  journal = {Journal of Statistical Software},
  year = {2016},
  volume = {74},
  number = {2},
  pages = {1--24},
  doi = {10.18637/jss.v074.i02},
}
@Article{R-jsscdm,
  title = {The {R} Package {CDM} for Cognitive Diagnosis Models},
  author = {Ann Cathrice George and Alexander Robitzsch and Thomas Kiefer and J{\"u}rgen Gro{\ss} and Ali {\"U}nl{\"u}},
  journal = {Journal of Statistical Software},
  year = {2016},
  volume = {74},
  number = {2},
  pages = {1--24},
  doi = {10.18637/jss.v074.i02},
}
@Article{R-jsscdm,
  title = {The {R} Package {CDM} for Cognitive Diagnosis Models},
  author = {Ann Cathrice George and Alexander Robitzsch and Thomas Kiefer and J{\"u}rgen Gro{\ss} and Ali {\"U}nl{\"u}},
  journal = {Journal of Statistical Software},
  year = {2016},
  volume = {74},
  number = {2},
  pages = {1--24},
  doi = {10.18637/jss.v074.i02},
}
@Article{R-jsscdm,
  title = {The {R} Package {CDM} for Cognitive Diagnosis Models},
  author = {Ann Cathrice George and Alexander Robitzsch and Thomas Kiefer and J{\"u}rgen Gro{\ss} and Ali {\"U}nl{\"u}},
  journal = {Journal of Statistical Software},
  year = {2016},
  volume = {74},
  number = {2},
  pages = {1--24},
  doi = {10.18637/jss.v074.i02},
}
@Article{R-jsscdm,
  title = {The {R} Package {CDM} for Cognitive Diagnosis Models},
  author = {Ann Cathrice George and Alexander Robitzsch and Thomas Kiefer and J{\"u}rgen Gro{\ss} and Ali {\"U}nl{\"u}},
  journal = {Journal of Statistical Software},
  year = {2016},
  volume = {74},
  number = {2},
  pages = {1--24},
  doi = {10.18637/jss.v074.i02},
}
@Article{R-jsscdm,
  title = {The {R} Package {CDM} for Cognitive Diagnosis Models},
  author = {Ann Cathrice George and Alexander Robitzsch and Thomas Kiefer and J{\"u}rgen Gro{\ss} and Ali {\"U}nl{\"u}},
  journal = {Journal of Statistical Software},
  year = {2016},
  volume = {74},
  number = {2},
  pages = {1--24},
  doi = {10.18637/jss.v074.i02},
}
@Article{R-jsscdm,
  title = {The {R} Package {CDM} for Cognitive Diagnosis Models},
  author = {Ann Cathrice George and Alexander Robitzsch and Thomas Kiefer and J{\"u}rgen Gro{\ss} and Ali {\"U}nl{\"u}},
  journal = {Journal of Statistical Software},
  year = {2016},
  volume = {74},
  number = {2},
  pages = {1--24},
  doi = {10.18637/jss.v074.i02},
}
@Article{R-jsscdm,
  title = {The {R} Package {CDM} for Cognitive Diagnosis Models},
  author = {Ann Cathrice George and Alexander Robitzsch and Thomas Kiefer and J{\"u}rgen Gro{\ss} and Ali {\"U}nl{\"u}},
  journal = {Journal of Statistical Software},
  year = {2016},
  volume = {74},
  number = {2},
  pages = {1--24},
  doi = {10.18637/jss.v074.i02},
}
@Article{R-jsscdm,
  title = {The {R} Package {CDM} for Cognitive Diagnosis Models},
  author = {Ann Cathrice George and Alexander Robitzsch and Thomas Kiefer and J{\"u}rgen Gro{\ss} and Ali {\"U}nl{\"u}},
  journal = {Journal of Statistical Software},
  year = {2016},
  volume = {74},
  number = {2},
  pages = {1--24},
  doi = {10.18637/jss.v074.i02},
}
@Article{R-jsscdm,
  title = {The {R} Package {CDM} for Cognitive Diagnosis Models},
  author = {Ann Cathrice George and Alexander Robitzsch and Thomas Kiefer and J{\"u}rgen Gro{\ss} and Ali {\"U}nl{\"u}},
  journal = {Journal of Statistical Software},
  year = {2016},
  volume = {74},
  number = {2},
  pages = {1--24},
  doi = {10.18637/jss.v074.i02},
}
@Article{R-jsscdm,
  title = {The {R} Package {CDM} for Cognitive Diagnosis Models},
  author = {Ann Cathrice George and Alexander Robitzsch and Thomas Kiefer and J{\"u}rgen Gro{\ss} and Ali {\"U}nl{\"u}},
  journal = {Journal of Statistical Software},
  year = {2016},
  volume = {74},
  number = {2},
  pages = {1--24},
  doi = {10.18637/jss.v074.i02},
}
@Article{R-jsscdm,
  title = {The {R} Package {CDM} for Cognitive Diagnosis Models},
  author = {Ann Cathrice George and Alexander Robitzsch and Thomas Kiefer and J{\"u}rgen Gro{\ss} and Ali {\"U}nl{\"u}},
  journal = {Journal of Statistical Software},
  year = {2016},
  volume = {74},
  number = {2},
  pages = {1--24},
  doi = {10.18637/jss.v074.i02},
}
@Article{R-jsscdm,
  title = {The {R} Package {CDM} for Cognitive Diagnosis Models},
  author = {Ann Cathrice George and Alexander Robitzsch and Thomas Kiefer and J{\"u}rgen Gro{\ss} and Ali {\"U}nl{\"u}},
  journal = {Journal of Statistical Software},
  year = {2016},
  volume = {74},
  number = {2},
  pages = {1--24},
  doi = {10.18637/jss.v074.i02},
}
@Article{R-jsscdm,
  title = {The {R} Package {CDM} for Cognitive Diagnosis Models},
  author = {Ann Cathrice George and Alexander Robitzsch and Thomas Kiefer and J{\"u}rgen Gro{\ss} and Ali {\"U}nl{\"u}},
  journal = {Journal of Statistical Software},
  year = {2016},
  volume = {74},
  number = {2},
  pages = {1--24},
  doi = {10.18637/jss.v074.i02},
}
@Article{R-jsscdm,
  title = {The {R} Package {CDM} for Cognitive Diagnosis Models},
  author = {Ann Cathrice George and Alexander Robitzsch and Thomas Kiefer and J{\"u}rgen Gro{\ss} and Ali {\"U}nl{\"u}},
  journal = {Journal of Statistical Software},
  year = {2016},
  volume = {74},
  number = {2},
  pages = {1--24},
  doi = {10.18637/jss.v074.i02},
}
@Article{R-jsscdm,
  title = {The {R} Package {CDM} for Cognitive Diagnosis Models},
  author = {Ann Cathrice George and Alexander Robitzsch and Thomas Kiefer and J{\"u}rgen Gro{\ss} and Ali {\"U}nl{\"u}},
  journal = {Journal of Statistical Software},
  year = {2016},
  volume = {74},
  number = {2},
  pages = {1--24},
  doi = {10.18637/jss.v074.i02},
}
@Article{R-jsscdm,
  title = {The {R} Package {CDM} for Cognitive Diagnosis Models},
  author = {Ann Cathrice George and Alexander Robitzsch and Thomas Kiefer and J{\"u}rgen Gro{\ss} and Ali {\"U}nl{\"u}},
  journal = {Journal of Statistical Software},
  year = {2016},
  volume = {74},
  number = {2},
  pages = {1--24},
  doi = {10.18637/jss.v074.i02},
}
@Article{R-jsscdm,
  title = {The {R} Package {CDM} for Cognitive Diagnosis Models},
  author = {Ann Cathrice George and Alexander Robitzsch and Thomas Kiefer and J{\"u}rgen Gro{\ss} and Ali {\"U}nl{\"u}},
  journal = {Journal of Statistical Software},
  year = {2016},
  volume = {74},
  number = {2},
  pages = {1--24},
  doi = {10.18637/jss.v074.i02},
}
@Article{R-jsscdm,
  title = {The {R} Package {CDM} for Cognitive Diagnosis Models},
  author = {Ann Cathrice George and Alexander Robitzsch and Thomas Kiefer and J{\"u}rgen Gro{\ss} and Ali {\"U}nl{\"u}},
  journal = {Journal of Statistical Software},
  year = {2016},
  volume = {74},
  number = {2},
  pages = {1--24},
  doi = {10.18637/jss.v074.i02},
}
@Article{R-jsscdm,
  title = {The {R} Package {CDM} for Cognitive Diagnosis Models},
  author = {Ann Cathrice George and Alexander Robitzsch and Thomas Kiefer and J{\"u}rgen Gro{\ss} and Ali {\"U}nl{\"u}},
  journal = {Journal of Statistical Software},
  year = {2016},
  volume = {74},
  number = {2},
  pages = {1--24},
  doi = {10.18637/jss.v074.i02},
}
@Article{R-jsscdm,
  title = {The {R} Package {CDM} for Cognitive Diagnosis Models},
  author = {Ann Cathrice George and Alexander Robitzsch and Thomas Kiefer and J{\"u}rgen Gro{\ss} and Ali {\"U}nl{\"u}},
  journal = {Journal of Statistical Software},
  year = {2016},
  volume = {74},
  number = {2},
  pages = {1--24},
  doi = {10.18637/jss.v074.i02},
}
@Article{R-jsscdm,
  title = {The {R} Package {CDM} for Cognitive Diagnosis Models},
  author = {Ann Cathrice George and Alexander Robitzsch and Thomas Kiefer and J{\"u}rgen Gro{\ss} and Ali {\"U}nl{\"u}},
  journal = {Journal of Statistical Software},
  year = {2016},
  volume = {74},
  number = {2},
  pages = {1--24},
  doi = {10.18637/jss.v074.i02},
}
@Article{R-jsscdm,
  title = {The {R} Package {CDM} for Cognitive Diagnosis Models},
  author = {Ann Cathrice George and Alexander Robitzsch and Thomas Kiefer and J{\"u}rgen Gro{\ss} and Ali {\"U}nl{\"u}},
  journal = {Journal of Statistical Software},
  year = {2016},
  volume = {74},
  number = {2},
  pages = {1--24},
  doi = {10.18637/jss.v074.i02},
}
@Article{R-jsscdm,
  title = {The {R} Package {CDM} for Cognitive Diagnosis Models},
  author = {Ann Cathrice George and Alexander Robitzsch and Thomas Kiefer and J{\"u}rgen Gro{\ss} and Ali {\"U}nl{\"u}},
  journal = {Journal of Statistical Software},
  year = {2016},
  volume = {74},
  number = {2},
  pages = {1--24},
  doi = {10.18637/jss.v074.i02},
}
@Article{R-jsscdm,
  title = {The {R} Package {CDM} for Cognitive Diagnosis Models},
  author = {Ann Cathrice George and Alexander Robitzsch and Thomas Kiefer and J{\"u}rgen Gro{\ss} and Ali {\"U}nl{\"u}},
  journal = {Journal of Statistical Software},
  year = {2016},
  volume = {74},
  number = {2},
  pages = {1--24},
  doi = {10.18637/jss.v074.i02},
}
@Article{R-jsscdm,
  title = {The {R} Package {CDM} for Cognitive Diagnosis Models},
  author = {Ann Cathrice George and Alexander Robitzsch and Thomas Kiefer and J{\"u}rgen Gro{\ss} and Ali {\"U}nl{\"u}},
  journal = {Journal of Statistical Software},
  year = {2016},
  volume = {74},
  number = {2},
  pages = {1--24},
  doi = {10.18637/jss.v074.i02},
}
@Article{R-jsscdm,
  title = {The {R} Package {CDM} for Cognitive Diagnosis Models},
  author = {Ann Cathrice George and Alexander Robitzsch and Thomas Kiefer and J{\"u}rgen Gro{\ss} and Ali {\"U}nl{\"u}},
  journal = {Journal of Statistical Software},
  year = {2016},
  volume = {74},
  number = {2},
  pages = {1--24},
  doi = {10.18637/jss.v074.i02},
}
@Article{R-jsscdm,
  title = {The {R} Package {CDM} for Cognitive Diagnosis Models},
  author = {Ann Cathrice George and Alexander Robitzsch and Thomas Kiefer and J{\"u}rgen Gro{\ss} and Ali {\"U}nl{\"u}},
  journal = {Journal of Statistical Software},
  year = {2016},
  volume = {74},
  number = {2},
  pages = {1--24},
  doi = {10.18637/jss.v074.i02},
}
@Article{R-jsscdm,
  title = {The {R} Package {CDM} for Cognitive Diagnosis Models},
  author = {Ann Cathrice George and Alexander Robitzsch and Thomas Kiefer and J{\"u}rgen Gro{\ss} and Ali {\"U}nl{\"u}},
  journal = {Journal of Statistical Software},
  year = {2016},
  volume = {74},
  number = {2},
  pages = {1--24},
  doi = {10.18637/jss.v074.i02},
}
@Article{R-jsscdm,
  title = {The {R} Package {CDM} for Cognitive Diagnosis Models},
  author = {Ann Cathrice George and Alexander Robitzsch and Thomas Kiefer and J{\"u}rgen Gro{\ss} and Ali {\"U}nl{\"u}},
  journal = {Journal of Statistical Software},
  year = {2016},
  volume = {74},
  number = {2},
  pages = {1--24},
  doi = {10.18637/jss.v074.i02},
}
@Article{R-jsscdm,
  title = {The {R} Package {CDM} for Cognitive Diagnosis Models},
  author = {Ann Cathrice George and Alexander Robitzsch and Thomas Kiefer and J{\"u}rgen Gro{\ss} and Ali {\"U}nl{\"u}},
  journal = {Journal of Statistical Software},
  year = {2016},
  volume = {74},
  number = {2},
  pages = {1--24},
  doi = {10.18637/jss.v074.i02},
}
@Article{R-jsscdm,
  title = {The {R} Package {CDM} for Cognitive Diagnosis Models},
  author = {Ann Cathrice George and Alexander Robitzsch and Thomas Kiefer and J{\"u}rgen Gro{\ss} and Ali {\"U}nl{\"u}},
  journal = {Journal of Statistical Software},
  year = {2016},
  volume = {74},
  number = {2},
  pages = {1--24},
  doi = {10.18637/jss.v074.i02},
}
@Article{R-jsscdm,
  title = {The {R} Package {CDM} for Cognitive Diagnosis Models},
  author = {Ann Cathrice George and Alexander Robitzsch and Thomas Kiefer and J{\"u}rgen Gro{\ss} and Ali {\"U}nl{\"u}},
  journal = {Journal of Statistical Software},
  year = {2016},
  volume = {74},
  number = {2},
  pages = {1--24},
  doi = {10.18637/jss.v074.i02},
}
@Article{R-jsscdm,
  title = {The {R} Package {CDM} for Cognitive Diagnosis Models},
  author = {Ann Cathrice George and Alexander Robitzsch and Thomas Kiefer and J{\"u}rgen Gro{\ss} and Ali {\"U}nl{\"u}},
  journal = {Journal of Statistical Software},
  year = {2016},
  volume = {74},
  number = {2},
  pages = {1--24},
  doi = {10.18637/jss.v074.i02},
}
@Article{R-jsscdm,
  title = {The {R} Package {CDM} for Cognitive Diagnosis Models},
  author = {Ann Cathrice George and Alexander Robitzsch and Thomas Kiefer and J{\"u}rgen Gro{\ss} and Ali {\"U}nl{\"u}},
  journal = {Journal of Statistical Software},
  year = {2016},
  volume = {74},
  number = {2},
  pages = {1--24},
  doi = {10.18637/jss.v074.i02},
}
@Article{R-jsscdm,
  title = {The {R} Package {CDM} for Cognitive Diagnosis Models},
  author = {Ann Cathrice George and Alexander Robitzsch and Thomas Kiefer and J{\"u}rgen Gro{\ss} and Ali {\"U}nl{\"u}},
  journal = {Journal of Statistical Software},
  year = {2016},
  volume = {74},
  number = {2},
  pages = {1--24},
  doi = {10.18637/jss.v074.i02},
}
@Article{R-jsscdm,
  title = {The {R} Package {CDM} for Cognitive Diagnosis Models},
  author = {Ann Cathrice George and Alexander Robitzsch and Thomas Kiefer and J{\"u}rgen Gro{\ss} and Ali {\"U}nl{\"u}},
  journal = {Journal of Statistical Software},
  year = {2016},
  volume = {74},
  number = {2},
  pages = {1--24},
  doi = {10.18637/jss.v074.i02},
}
@Article{R-jsscdm,
  title = {The {R} Package {CDM} for Cognitive Diagnosis Models},
  author = {Ann Cathrice George and Alexander Robitzsch and Thomas Kiefer and J{\"u}rgen Gro{\ss} and Ali {\"U}nl{\"u}},
  journal = {Journal of Statistical Software},
  year = {2016},
  volume = {74},
  number = {2},
  pages = {1--24},
  doi = {10.18637/jss.v074.i02},
}
@Article{R-jsscdm,
  title = {The {R} Package {CDM} for Cognitive Diagnosis Models},
  author = {Ann Cathrice George and Alexander Robitzsch and Thomas Kiefer and J{\"u}rgen Gro{\ss} and Ali {\"U}nl{\"u}},
  journal = {Journal of Statistical Software},
  year = {2016},
  volume = {74},
  number = {2},
  pages = {1--24},
  doi = {10.18637/jss.v074.i02},
}
@Article{R-jsscdm,
  title = {The {R} Package {CDM} for Cognitive Diagnosis Models},
  author = {Ann Cathrice George and Alexander Robitzsch and Thomas Kiefer and J{\"u}rgen Gro{\ss} and Ali {\"U}nl{\"u}},
  journal = {Journal of Statistical Software},
  year = {2016},
  volume = {74},
  number = {2},
  pages = {1--24},
  doi = {10.18637/jss.v074.i02},
}
@Article{R-jsscdm,
  title = {The {R} Package {CDM} for Cognitive Diagnosis Models},
  author = {Ann Cathrice George and Alexander Robitzsch and Thomas Kiefer and J{\"u}rgen Gro{\ss} and Ali {\"U}nl{\"u}},
  journal = {Journal of Statistical Software},
  year = {2016},
  volume = {74},
  number = {2},
  pages = {1--24},
  doi = {10.18637/jss.v074.i02},
}
@Article{R-jsscdm,
  title = {The {R} Package {CDM} for Cognitive Diagnosis Models},
  author = {Ann Cathrice George and Alexander Robitzsch and Thomas Kiefer and J{\"u}rgen Gro{\ss} and Ali {\"U}nl{\"u}},
  journal = {Journal of Statistical Software},
  year = {2016},
  volume = {74},
  number = {2},
  pages = {1--24},
  doi = {10.18637/jss.v074.i02},
}
